2067 3067
331 103 479 151 LIBER
514 106 554 153 11.
585 157 588 162 ⁴
780 110 813 161 63

105 198 132 253 iu
142 198 202 253 sinu
215 196 371 257 terens'deos

140 284 166 327 et
176 292 242 327 uxor
251 278 334 357 etvir,
346 278 517 351 sordidosque
527 290 611 339 natos.

7 376 9 379 ·
102 347 390 417 Nullaoeuiortamen,
468 368 471 375 ·

141 425 241 491 rapacis
251 426 309 478 Orci
324 429 382 491 line,
395 426 521 483 destinata
839 449 864 491 3⁰
959 468 966 484 ·

101 496 162 549 aula
173 498 380 553 divitem'manet
719 540 724 544 ·

140 571 245 625 herum.
284 573 354 638 Quid
367 575 432 629 ultra
443 575 547 630 tendis?
564 578 654 651 Aequa
665 581 742 636 tellus

101 647 211 715 pauperi
223 647 372 713 recluditur,
654 650 657 657 ’

138 737 285 791 regumque
296 725 399 792 pueris:
421 742 469 779 nee
478 725 580 780 satelles
589 727 650 783 Orci

100 792 227 847 callidum
241 797 388 852 Promethea
836 820 862 863 35
911 819 914 824 '

138 870 420 942 revexitauroeaptus.
460 875 508 927 Hie
517 877 662 946 superbum

99 942 240 996 Tantalum
253 952 331 1015 atque
341 948 441 1001 Tantali

99 1036 101 1041 ·
136 1034 222 1089 genus
232 1030 340 1086 coereet3
362 1022 405 1095 hie
415 1022 631 1079 levarefunctum

97 1092 241 1161 pauperem
252 1093 386 1155 laboribus

137 1176 244 1221 vocatus
254 1176 331 1240 atque
341 1188 393 1225 nou
405 1179 511 1227 vocatus
521 1172 602 1227 audit.

279 1402 363 1458 01)
394 1404 420 1459 E
476 1406 582 1462 XIX.

216 1518 363 1563 HYMNUS
392 1521 437 1562 ΑΙ)
470 1521 647 1567 BACGHUM.

348 1637 521 1650 ——-.—-..

7 1712 10 1741 l
56 1718 119 1765 Quod
134 1719 220 1756 camina
233 1720 255 1757 in
270 1720 352 1768 rupibus
366 1722 468 1759 dueentem
478 1731 619 1773 conspexerat,
634 1728 725 1764 exultans
738 1741 780 1765 eum
790 1743 801 1765 a

101 1780 164 1817 variis
175 1781 216 1819 eius
224 1782 339 1821 numinibus
349 1785 446 1833 rebusque
455 1786 514 1835 gestis
524 1789 597 1825 turdu.
622 1792 683 1827 Meu.
696 1790 752 1826 XVI.

91 1870 231 1934 Bacchum
244 1881 270 1936 in
281 1883 385 1935 remotis
398 1884 513 1939 carmina
524 1888 635 1957 rupibus

92 1954 149 2009 vidi
160 1954 302 2021 docentem,
314 1956 425 2029 (credite,
437 1960 552 2031 posteri)

130 2030 316 2102 nymphasque
326 2031 462 2097 discentes,
475 2041 499 2086 et
508 2052 584 2087 aures

166 2105 335 2175 capripedum
346 2105 496 2179 Satyrorum
511 2117 608 2162 acutas.

90 2182 175 2246 Evee'l
197 2197 376 2250 recentimens
386 2198 495 2269 trepidat
505 2207 585 2264 metu,

90 2263 323 2338 plenoque-Bacchi
333 2279 433 2340 pectore
446 2273 581 2327 turbidum

129 2340 245 2397 laetatur.
283 2346 368 2399 Evoe!
388 2362 472 2417 parce,
485 2348 576 2401 Liberl

164 2432 248 2485 parde,
260 2420 335 2491 gravi
344 2420 481 2492 metuende
492 2422 597 2494 thyrso!

88 2506 140 2558 Fas
150 2500 297 2575 pervieaees
306 2518 345 2569 est
354 2510 421 2563 mihi
432 2510 574 2583 Thyiadas,

88 2578 200 2655 vinique
209 2580 315 2651 fontem,
329 2583 401 2639 laetis
411 2591 435 2639 et
445 2586 538 2640 uberes
