2067 3067
331 146 479 191 LIBER
515 148 554 192 11.

101 246 160 299 lam
170 254 194 298 le
204 252 342 315 sequetur;
364 247 446 300 currit
454 247 527 301 enim
535 246 608 302 iamx

101 328 184 383 aetas,
196 327 222 373 et
232 318 281 383 illi,
293 336 360 390 ques
373 321 422 374 tibi
432 320 565 386 demseris,

141 401 255 464 apponet
265 412 360 449 annos:
383 396 435 449 iam
447 404 568 466 proterva

180 468 264 523 fronte
272 476 340 539 petet
349 469 444 543 Lalage
454 471 593 538 maritum,

100 560 208 623 dilecta,
219 567 350 631 quantum
360 578 412 615 non
424 560 520 617 Pholoe
528 561 619 636 fugax,

101 652 157 689 non
169 633 282 698 Chloris,
294 633 353 689 albo
362 636 401 689 sic
409 635 521 690 humero
529 638 624 702 nitens,

141 717 173 763 ut
181 726 249 781 pura
259 718 385 764 nocturne
397 710 497 764 renidet

180 782 244 837 luna
254 784 329 849 mari,
342 784 510 857 Gnidiusque
519 786 623 861 Gyges3

100 874 219 947 quamsi
229 874 377 945 puellarum
388 876 514 930 insamres
524 877 612 941 ehem,

101 951 171 1005 mire
180 966 285 1021 sagaeas
295 948 393 1004 falleret
401 951 517 1022 hospites

141 1024 284 1078 discrimen
294 1025 447 1089 obscurum,
459 1026 552 1081 solutis

179 1098 297 1154 crinibus
308 1101 487 1173 ambiguoque
500 1101 586 1155 vultu.

309 1300 395 1357 01)
425 1300 452 1355 E
510 1301 576 1357 vl.

253 1416 307 1461 aa
349 1417 633 1464 sse'riraiure

65 1628 107 1665 Aua
116 1624 206 1669 Tibure,
220 1630 254 1661 ant
263 1621 346 1661 Tarenti
355 1634 376 1660 aa
384 1624 437 1661 velle
445 1623 470 1659 ud
480 1629 601 1661 senectam
610 1636 649 1661 una
662 1634 707 1661 aare
715 1623 813 1672 Septimio

109 1688 188 1731 vivere,
199 1694 227 1731 et,
237 1685 271 1723 ubi
281 1684 395 1730 decesserit,
405 1686 429 1723 ab
438 1685 501 1723 mico
510 1686 597 1724 hunni.
621 1690 682 1726 Metr-
695 1686 764 1724 xvn.

103 1777 229 1855 Septimi,
242 1782 328 1837 Gades
337 1782 438 1837 aditura
448 1799 562 1846 meeum,
573 1789 600 1836 et

102 1859 264 1915 Cantabrum
276 1858 410 1911 indoctum
421 1858 481 1930 iuga
493 1856 560 1911 ferre
569 1864 666 1921 nestra,
680 1865 706 1910 et

102 1934 228 1990 barbaras
239 1932 338 2006 Syrtes,
349 1931 396 1985 ubi
407 1932 497 1986 Maura
507 1948 610 2004 semper

178 2006 371 2073 aestuatunda;

102 2100 194 2164 Tibur,
207 2098 292 2171 Argeo
300 2098 415 2168 positum
424 2097 525 2161 eolono,

102 2176 136 2229 sit
145 2191 218 2229 meae
228 2172 302 2227 sedes
313 2171 414 2225 utinam
427 2179 551 2235 senectae,

102 2250 137 2303 sit
146 2248 241 2303 modus
252 2247 320 2301 lasso
330 2246 411 2300 maris
423 2254 448 2300 et
457 2246 561 2301 viarum

176 2322 348 2391 militiaeque.

103 2412 176 2467 Unde
185 2412 209 2464 si
218 2412 312 2465 Pareae
321 2412 461 2483 prohibent
471 2410 588 2484 iniquae,

102 2486 178 2541 dulce
187 2485 283 2556 pellitis
293 2487 389 2542 ovibus
398 2486 501 2542 Galaesi

100 2560 199 2616 flumen
210 2569 235 2614 et
245 2569 351 2633 regnata
361 2570 447 2633 petam
457 2559 553 2617 Laeoni

143 2700 145 2711 Ι
174 2654 237 2690 rura
249 2634 385 2691 Phalanto.
