2067 3067
222 176 229 188 ’
328 197 477 245 mm
512 197 567 248 111.

107 298 187 363 riom,
198 298 264 353 dum
274 305 349 371 grato
356 299 439 353 Danai
448 299 550 370 puellas

184 374 301 428 carmine
310 372 421 428 mulum.

4 510 5 514 η
109 473 208 527 Audiat
217 472 291 546 Lyde
299 473 387 528 scelus
396 480 476 545 atque
484 481 558 528 notas

108 549 247 622 virginum
256 565 363 619 poenas,
375 549 486 604 etimne
496 549 621 623 lymphae

19 628 22 632 ’
109 621 213 678 dolium
222 621 306 678 fundo
313 624 448 696 pereuntis
458 625 521 690 imo,

185 715 296 770 seraque
306 697 366 765 iata,

110 821 179 877 quae
188 811 296 858 manent
305 803 396 875 culpas
406 804 484 858 etiam
497 805 549 858 sub
557 808 634 862 Oroo.

110 880 210 951 Impiae
219 896 291 943 nam,
304 878 379 951 (quid
389 885 497 951 potuere
507 881 619 954 maiusi)

110 956 208 1027 impiae
218 971 327 1025 sponsos
337 962 443 1026 potuere
452 953 519 1008 duro

185 1029 294 1101 perdere
301 1029 378 1084 ferro.

110 1140 167 1194 Una
178 1138 212 1192 de
220 1136 321 1203 multis,
333 1137 389 1194 iaoe
397 1138 508 1210 nuptiali

110 1215 138 1268 di
177 1231 201 1278 a,
212 1213 349 1284 periurum
358 1213 408 1267 fuit
418 1215 446 1268 in
457 1222 591 1286 parentem

111 1231 248 1362 spffndide
257 1289 372 1343 mendax
381 1296 407 1343 et
416 1291 445 1343 in
454 1307 531 1345 omne
542 1292 617 1366 virgo

186 1362 284 1418 nobilis
294 1382 390 1420 aevum
399 1385 405 1418 :

111 1489 199 1546 surgo,
211 1489 281 1544 quae
289 1472 358 1528 dixit
367 1473 458 1529 iuveni
470 1474 573 1538 marito,

110 1565 199 1622 surge,
211 1565 245 1602 ne
255 1547 351 1622 longus
359 1549 408 1603 tihi
418 1566 537 1614 somnus,
550 1548 622 1604 unde

110 1639 165 1678 non
174 1624 261 1687 times,
273 1622 363 1693 detur;
384 1641 504 1680 soporum
516 1633 541 1679 et
553 1623 673 1679 scelestas

185 1697 363 1764 fallosororm

111 1825 188 1882 quae,
201 1807 274 1863 velut
282 1815 371 1863 nactae
380 1807 478 1863 vitulos
487 1806 598 1871 leaenae¹

111 1882 241 1957 singulos,
254 1883 335 1937 eheu!
357 1882 479 1937 lacerant.
517 1881 584 1954 Ego,
596 1880 650 1935 illis

111 1957 225 2024 mollior,
237 1975 286 2014 nec
294 1965 319 2012 te
328 1956 420 2012 feriam
430 1975 516 2029 neque
526 1957 593 2011 intra

186 2033 298 2089 claustra
307 2033 409 2088 tenebo.

111 2144 153 2199 Me
161 2151 234 2215 pater
243 2143 329 2198 saevis
338 2149 427 2197 oneret
435 2142 542 2206 catenis,

112 2218 184 2291 quod
193 2218 252 2274 viro
260 2217 375 2273 clemens
384 2218 481 2272 misero
490 2217 592 2289 peperci
601 2235 607 2285 ;

112 2310 155 2348 me
165 2292 206 2349 vel
215 2300 346 2348 extremos
355 2293 532 2348 Numidarum
544 2293 571 2346 in
582 2307 659 2366 agros

61 2369 63 2375 '
146 2404 150 2408 ›
186 2368 269 2424 olasse
278 2365 383 2442 releget.

111 2479 132 2542 Ι,
142 2477 222 2550 pedes
231 2495 285 2550 quo
296 2478 435 2549 tempium
444 2483 469 2530 et
477 2492 565 2539 aurae,

112 2553 178 2608 dum
188 2552 257 2608 iavet
265 2571 319 2607 nox
329 2560 354 2608 et
362 2554 465 2608 Venus:
486 2549 622 2604 isecundo

111 2628 208 2694 omine,
220 2636 245 2682 et
255 2629 337 2683 nostri
346 2644 490 2683 memorem
499 2623 618 2697 sepulcro

186 2703 273 2778 smlpe
281 2703 424 2777 querelam.
