2067 3067
199 112 249 169 200
451 116 691 163 SATYRARUM

201 217 273 284 Quin
281 216 329 271 ubi
338 234 366 271 se
376 234 390 271 a
400 215 481 289 vulgo
490 223 516 271 et
525 234 602 271 soena
615 217 642 270 in
652 226 748 269 secreta
757 225 889 271 remorant

201 290 288 347 virtus
300 290 434 362 Scipiadae
443 298 469 345 et
479 291 551 345 mitis
562 291 689 361 sapientia
699 290 784 355 Laeli,
805 323 812 328 -

202 365 298 439 nugari
308 380 369 420 oum
378 364 424 419 illo
432 372 457 419 et
466 365 587 419 discincti
597 364 694 429 ludere,
705 364 787 419 donee
854 368 860 381 '

202 439 388 511 delinqueretur
397 438 465 505 olus,
478 439 560 493 soliti.
575 438 713 511 Quidquid
720 456 843 511 sumego,
849 458 946 511 quam·

693 531 735 567 vis
807 550 810 553 .

147 598 174 641 75
200 586 365 643 iniraLucill
375 603 483 641 censum
493 587 693 659 ingeniumque,
703 595 791 641 tamen
800 604 844 641 me

203 680 265 717 eum
274 661 379 734 magnis
389 661 488 716 vixisse
497 661 580 715 invita
589 659 711 713 fatebitur
721 661 807 731 usque

202 736 313 801 invidia,
325 742 349 789 et
359 734 445 807 fragili
458 750 586 806 quaerens
597 733 697 788 illidere
705 734 818 798 dentem,

203 809 419 865 offendetsolido:
440 808 700 880 nisiquidtu,doote
709 809 821 872 Trebati,

203 884 336 939 dissentis.
368 902 438 939 anns.
448 883 581 956 Equidem
590 882 657 937 nihil
667 883 730 936 hino
738 882 876 955 diffingere
885 899 951 953 pos·

644 977 647 983 ·
692 975 763 1011 sum.

150 1042 177 1085 8⁰
204 1032 255 1087 Sed
264 1039 360 1097 tamen,
372 1038 402 1087 ut
411 1033 527 1087 monitus
540 1048 641 1097 caveas,
653 1030 760 1085 neforto
772 1034 859 1103 negoti

203 1108 312 1161 incutiat
322 1107 369 1160 tibi
382 1107 449 1177 quid
457 1114 608 1161 sanctourm
618 1106 720 1160 inscitia
730 1104 832 1177 legum;

204 1180 306 1235 simale
316 1180 459 1233 condiderit
469 1181 497 1235 in
507 1198 588 1251 quem
597 1180 659 1252 quis
669 1180 794 1244 carmina,
805 1180 849 1232 ius
857 1185 897 1231 est

203 1254 395 1325 iudiciumque.
434 1273 492 1309 nou.
507 1254 579 1319 Esto,
596 1254 620 1307 si
634 1254 696 1324 quis
709 1253 791 1308 mala:
817 1252 864 1307 sed
876 1252 946 1306 bona

693 1346 717 1381 s1
746 1346 789 1382 urs

138 1426 141 1434 ν
205 1400 291 1455 iudioe
300 1400 443 1455 eondiderit
454 1400 575 1455 laudatus
585 1400 709 1455 Caesare?
727 1346 754 1456 di
764 1401 826 1472 quis

151 1485 177 1529 85
204 1476 350 1547 opprobriis
361 1474 474 1547 dignum
484 1474 623 1540 latraverit,
635 1476 735 1547 integer
742 1474 816 1546 ipse‘l

205 1568 275 1605 rare.
285 1548 424 1606 Solventur
434 1551 490 1605 risu
499 1548 612 1615 tabulae,
623 1557 652 1605 tu
661 1550 760 1605 missus
769 1549 865 1604 abibis.

406 1762 654 1821 SATYRA
699 1764 750 1819 11.

205 1998 296 2036 Ofellum
308 1999 406 2047 quendem
419 1997 515 2035 rusticum
528 1996 640 2035 inimnucit
652 2009 698 2034 enee
711 1997 780 2035 aetatis
789 1998 888 2037 luxuriem
898 2012 946 2036 cer.

243 2066 332 2109 pentem,
338 2066 466 2109 veterumque
473 2059 579 2096 bominum
586 2058 721 2107 frugalitatem
731 2057 905 2107 commendantem.

243 2147 323 2223 Quae
332 2158 425 2221 virtus,
438 2164 463 2210 et
472 2164 579 2229 quanta,
593 2157 666 2222 boni,
678 2159 712 2212 sit
721 2159 810 2213 vivere
818 2176 900 2230 parvo
908 2189 947 2201 ·-·

205 2248 254 2286 neo
263 2248 338 2285 meus
347 2231 390 2285 hio
400 2248 485 2285 sermo
494 2238 541 2293 est,
553 2231 599 2285 sed
608 2248 677 2302 quae
686 2234 816 2303 praeoepit
823 2232 924 2288 Ofellus

205 2306 328 2370 rustinus,
340 2307 473 2361 abnormis
483 2305 588 2377 sapiens
597 2322 736 2378 crassaque
745 2308 909 2362 Minerva-
951 2329 954 2333 ·

206 2378 304 2444 discite,
319 2398 372 2435 non
381 2382 447 2435 inter
456 2380 544 2434 lanoes
553 2397 711 2451 mensasque
719 2381 839 2446 nitentes,

152 2464 165 2508 t
207 2469 292 2524 quum
302 2461 388 2525 stupet
397 2456 497 2509 insanis
507 2455 574 2509 acies
583 2453 740 2527 fulgoribus,
752 2462 777 2507 et
785 2472 872 2527 quum

207 2526 313 2580 acolinis
325 2527 397 2582 lalsis
407 2529 513 2583 animus
523 2527 629 2582 meliora
642 2535 755 2595 reeusat3

207 2600 761 2679 verumbioimpransimeeumdiequirite.
802 2603 856 2660 Cur
867 2602 935 2659 boo‘l
