2067 3067
234 135 284 193 302
495 139 550 190 DE
585 140 706 189 ARTE

179 256 219 300 aas
233 241 371 314 Quidquid
382 243 534 314 praecipies,
546 251 601 297 esto
609 243 707 306 brevis,
718 248 749 295 ut
759 242 809 294 cito
818 237 891 296 diota

233 318 379 390 percipiant
387 318 471 372 animi
480 317 585 382 dociles,
597 325 755 387 teneantque
763 315 868 369 fideles:

233 410 311 447 omne
321 409 514 463 supervacuum
524 392 603 464 plano
612 391 646 446 dc
654 397 865 462 pectorcmanat.

233 465 827 538 Fictavoluptatiacausasiotproximaveris:
1017 508 1018 515 ,

233 560 275 607 ne,
287 541 475 614 quodcumque
484 541 562 606 volet,
573 549 663 612 poscat
670 541 724 596 sibi
733 539 822 594 fabula
834 540 920 604 credi,
1017 554 1018 559 ¹

179 625 220 672 tto
233 635 285 672 neu
295 634 406 688 pransae
414 617 521 670 Lamiae
529 616 622 670 vivum
631 633 744 686 puerum
754 614 873 669 extrahat
881 615 958 669 alvo.

234 691 372 748 Centuriae
381 691 513 746 seniorum
524 691 624 764 agitant
635 691 750 761 expertia
760 689 854 761 frugis,

234 767 296 821 celsi
306 774 469 838 praetereunt
479 774 581 820 austera
590 773 708 836 poemata
718 765 864 818 Rhanines:

232 859 311 896 omno
320 840 382 895 tulit
390 849 528 912 punctum,
539 840 588 912 qui
596 840 703 893 miscuit
711 838 776 892 utiia
782 838 864 900 dulci,

235 916 356 970 lectorem
366 915 516 970 delectando
525 914 674 985 pariterque
683 913 822 968 monendo.

182 999 221 1046 345
234 991 283 1044 Hic
292 998 374 1044 meret
383 1007 441 1044 aera
451 989 516 1043 liber
526 989 617 1053 Sosiis,
629 989 707 1042 hicet
718 1005 791 1042 marc
798 987 903 1051 transit,
979 1015 986 1026 ·

234 1073 259 1118 et
269 1065 378 1138 longum
389 1072 448 1120 noto
457 1063 576 1134 scriptori
585 1070 708 1136 prorogat
715 1079 819 1117 aerum.

235 1139 303 1193 Sunt
312 1138 404 1194 delicta
415 1147 511 1204 nmen,
523 1138 624 1211 quibus
636 1138 771 1210 ignovisse
779 1133 904 1191 velimus.

128 1262 136 1268 .
235 1215 302 1267 Nam
316 1230 402 1284 neque
411 1213 507 1267 chorda
516 1229 613 1267 sonum
622 1212 717 1278 reddit,
728 1210 872 1284 quemvult
881 1228 981 1264 manus

591 1329 595 1334 .
726 1295 843 1350 etmcns,

234 1361 403 1432 poscentique
412 1377 520 1433 gmvern
530 1362 900 1432 perasperemittitaoutum:

182 1447 222 1490 350
236 1451 284 1490 nec
294 1452 397 1506 semper
406 1435 487 1500 feriet,
498 1434 687 1507 quodcumque
695 1436 848 1498 minabitur,
862 1451 951 1488 arcus.

236 1511 342 1574 Verum,
354 1510 402 1564 ubi
411 1509 487 1581 plura
498 1512 582 1569 nitent
590 1511 619 1565 in
628 1511 752 1574 carmine,
767 1527 820 1564 nou
829 1526 879 1581 ego
887 1510 981 1579 paucis

235 1584 351 1640 offendar
360 1584 480 1649 maculis,
493 1603 561 1657 quas
570 1594 616 1640 aut
625 1586 727 1640 incuria
736 1584 805 1639 indit

236 1668 282 1715 aut
290 1661 410 1726 ,humana
423 1677 518 1731 parum
528 1661 598 1714 cavit
607 1667 709 1714 namra.
749 1658 820 1725 Quid
828 1675 891 1730 ergo
900 1657 959 1712 eet?

236 1736 270 1788 Ut
279 1735 389 1804 scriptor
397 1736 420 1789 si
430 1743 517 1806 peccat
528 1735 599 1789 idam
612 1734 735 1789 librarius
747 1751 840 1805 timue,

183 1819 222 1862 355
235 1809 359 1881 quamvis
370 1817 409 1864 cst
418 1810 544 1874 monitus,
556 1810 633 1865 venia
643 1818 724 1877 corct3
745 1817 776 1863 ut
783 1806 951 1862 citharoedus

237 1883 343 1948 ridetur,
355 1884 451 1939 chorda
461 1885 509 1955 qui
519 1902 622 1956 semper
631 1883 845 1938 oberrataadem:

216 2001 218 2006 .
236 1959 275 2011 sic
285 1958 361 2023 mihi,
372 1960 419 2030 qui
430 1959 546 2014 multum
556 1965 646 2023 cessat,
659 1958 689 2012 stt
698 1957 834 2014 Choerilus
844 1955 897 2018 ille,

236 2049 316 2104 quem
325 2031 367 2085 bis
377 2040 449 2088 terve
460 2033 562 2100 bonum
572 2051 633 2087 cum
643 2033 699 2087 risu
708 2033 803 2098 miror;
824 2029 934 2084 otidum

238 2106 371 2180 indignor,
383 2107 544 2179 quandoque
552 2108 639 2162 bonus
648 2107 771 2165 dormitat
777 2107 916 2162 tamtus

183 2191 222 2234 att
236 2181 334 2236 Verum
343 2181 415 2251 operi
426 2181 503 2252 longo
511 2180 551 2234 ias
562 2189 601 2235 eat
609 2182 733 2252 obrepere
742 2197 876 2235 somnum.

274 2255 308 2308 Ut
317 2256 425 2325 pictura,
437 2255 525 2326 poesis
533 2256 590 2319 crit,
602 2272 680 2327 quae,
693 2255 909 2326 sipropiuastoe,

238 2336 262 2382 te
271 2330 356 2400 capiat
365 2330 459 2401 magis,
472 2329 645 2400 etquaadam,
660 2331 683 2383 si
694 2329 801 2402 longius
809 2327 909 2382 abates:

237 2403 302 2456 haec
310 2410 380 2457 amat
388 2405 545 2458 obscurum:
566 2404 637 2460 votet
647 2405 711 2459 liaeo
719 2400 942 2466 sublucevidcri,

238 2477 334 2528 iudicis
344 2485 467 2548 argutum
478 2495 547 2548 quae
556 2495 609 2532 non
619 2478 742 2531 immittat
749 2493 874 2542 mamm,

141 2561 143 2564 ·
184 2559 223 2602 365
236 2549 300 2603 haec
308 2547 407 2617 placuit
415 2549 505 2613 semel,
517 2551 675 2605 haeodocios
687 2551 795 2620 repetita
802 2549 923 2619 placabit.

275 2619 390 2690 Omaiqr
400 2622 538 2687 iuvenum,
550 2623 676 2692 quamvis
683 2630 781 2678 σηοω
789 2629 900 2693 prtem
