2067 3067
323 135 550 181 POETICA.
758 132 809 185 299

63 242 95 291 ut
104 233 170 290 nihil
181 233 291 299 intersit,
303 235 426 290 Davusne
435 234 558 306 loquatur
567 243 593 289 et
600 236 689 290 audax

64 309 181 384 Pythias,
193 318 315 364 emuncto
324 307 422 364 lucrata
431 309 539 363 Simone
551 308 687 374 talentum,

65 403 99 440 an
109 383 373 456 custosfamulrrsqoo
382 384 424 438 dei
434 383 540 438 Silenus
550 383 662 438 alumni.

102 460 144 514 Ex
153 466 213 513 noto
224 458 313 513 fiotum
324 475 428 514 oarmen
441 475 546 530 sequar,
557 466 587 513 ut
596 459 648 512 sibi
657 461 747 530 quivis
823 470 862 515 alo

65 540 151 606 speret
159 533 240 598 idern,
254 532 331 597 sudet
340 533 464 598 multum,
476 531 626 604 frusteaque
636 533 733 588 laboret

66 626 149 664 ausus
159 607 242 662 idem:
265 616 366 662 tantum
376 610 455 663 serien
464 608 639 680 iuncturaque
648 609 736 680 pollet,

64 690 168 738 tantum
177 682 210 736 de
223 683 308 738 modio
317 684 413 738 sumtis
423 683 521 740 aooedit
530 683 646 737 honoris.

64 757 146 813 Silvis
156 757 260 812 deducti
269 757 525 814 oaveantmoindioe
533 758 628 823 Fanni,

65 851 100 888 ne
109 831 181 887 velut
190 832 273 887 innati
283 833 369 888 triviis
378 851 408 888 ao
417 850 500 904 paene
509 831 633 897 forenses,
823 841 863 887 245

64 915 111 963 aut
121 907 234 962 nimium
243 908 339 964 toneris
349 909 508 964 iuvenentur
516 907 639 962 versibus
649 924 788 979 umquam,

65 990 111 1038 aut
120 981 258 1038 immunda
267 983 388 1053 orepont'
410 983 611 1053 nominiosaque
621 981 700 1036 diota.

65 1056 241 1113 Offenduntur
250 1058 330 1120 enim,
341 1001 441 1129 quilus
455 1064 494 1112 est
503 1074 590 1128 mus
598 1063 623 1111 et
631 1064 704 1128 pater
713 1067 738 1111 et
747 1075 797 1122 reo,

64 1149 122 1197 neo,
134 1133 157 1186 si
167 1130 234 1203 quid
242 1129 310 1186 fricti
320 1131 411 1186 oioeris
419 1131 511 1202 probat
520 1139 547 1186 et
554 1132 631 1186 nucis
640 1139 731 1196 emtor,

64 1207 157 1278 aequis
167 1205 299 1276 aooipiunt
308 1205 413 1274 animis,
426 1205 558 1262 donantve
566 1223 670 1262 oomna.
823 1218 862 1260 250

103 1280 211 1355 Syllaba
221 1279 298 1354 longa
307 1281 382 1338 bravi
395 1281 630 1337 subiectavoootur
641 1282 756 1337 iambus.

64 1359 114 1412 Pes
124 1357 191 1410 citus
200 1355 281 1429 (unde
292 1357 371 1412 otiam
380 1357 504 1413 trimetris
513 1374 657 1412 aooreeoero
666 1359 744 1412 iussit

64 1447 161 1486 nomen
171 1430 289 1502 iamboie)
298 1448 384 1503 quum
395 1449 472 1488 senos
484 1433 602 1488 redderet
612 1434 680 1488 ictus

63 1507 168 1578 primns
178 1505 213 1559 ad
221 1513 368 1560 extremum
378 1507 474 1561 similis
484 1507 545 1571 sibi,
556 1525 609 1564 non
623 1508 659 1562 ita
669 1507 771 1578 pridem

64 1581 162 1636 tardior
171 1586 201 1632 ut
208 1577 298 1649 paullo
306 1580 464 1651 graviorque
474 1581 574 1636 veniret
585 1581 620 1634 ad
629 1597 714 1646 aures,
824 1592 863 1634 255

64 1653 195 1727 spondeos
204 1651 310 1708 stabiles
320 1653 347 1708 ia
358 1653 416 1708 iura
429 1661 537 1725 paterne
545 1657 642 1725 reoepit
796 1711 799 1717 ,

63 1725 219 1785 oommodus
227 1735 253 1782 ot
260 1727 371 1800 patiens,
387 1744 440 1782 non
451 1736 481 1784 ut
490 1728 523 1783 da
531 1728 593 1784 sede
604 1729 719 1784 seounda

64 1804 165 1860 oederet
174 1811 220 1857 aut
229 1812 321 1875 quarta
330 1802 467 1858 socialiter.
507 1803 698 1861 llioetivool

64 1879 201 1936 nobilibus
213 1879 336 1933 trimetris
345 1886 451 1950 apparot
460 1895 545 1943 rarus,
558 1879 663 1933 etEnnl

65 1957 94 2010 in
104 1971 209 2010 soonam
222 1955 317 2009 missos
326 1971 387 2010 oum
398 1971 495 2028 magno
502 1953 618 2024 pondero
626 1970 728 2021 verens,
824 1967 863 2008 noo

65 2037 111 2085 aut
120 2046 212 2100 operae
222 2027 312 2084 oeleris
322 2029 437 2084 nimium
446 2045 562 2100 auraque
571 2029 692 2095 carentis,

65 2110 112 2161 aut
121 2105 253 2178 ignoratae
261 2105 357 2176 premit
366 2104 429 2158 artis
438 2105 549 2158 erimine
561 2106 644 2176 turpi.

65 2180 143 2234 »Non
153 2179 243 2251 quivis
252 2179 324 2234 videt
332 2179 503 2234 immodulata
512 2187 631 2251 poemata
641 2178 730 2244 iudex,

65 2261 109 2307 aet
118 2253 178 2308 deta
187 2253 311 2310 Romanis
320 2255 397 2310 venia
406 2261 445 2308 est
457 2254 567 2326 indigna
576 2254 688 2325 poetieo

65 2328 598 2402 ldoiroonevagorsoribamqnelieentor‘?
616 2329 750 2384 Utomnee
826 2337 867 2381 265

65 2405 171 2461 visuros
181 2411 283 2474 peecata
292 2411 382 2475 putem
393 2421 459 2467 mea,
473 2411 545 2458 tutus
554 2411 579 2458 ot
590 2405 660 2458 intra

65 2496 141 2551 spem
151 2477 243 2534 veniae
252 2485 357 2534 cautus:
379 2479 460 2534 vitavi
471 2477 710 2550 deniqneoulpam,

65 2573 121 2612 non
133 2553 238 2610 laudem
247 2554 342 2608 merui.
381 2554 433 2609 Vos
442 2553 601 2624 exemplaria
614 2553 713 2610 Graeca

65 2636 195 2689 nocturna
205 2636 305 2688 versate
313 2646 404 2698 manu.
417 2637 516 2689 versato
526 2629 631 2688 diurna.
