2067 3067
195 94 243 149 166
444 97 686 149 SATYRARUM

194 201 377 257 libertinorum
386 197 724 271 dioolSellustiusinquas

193 294 247 331 non
257 276 347 330 minus
357 276 464 342 insanit,
475 274 787 347 quamquimoecbatur.
811 273 942 343 Athiosi,

139 362 165 405 50
194 368 308 423 quares,
319 368 373 423 qua
383 352 448 407 ratio
458 351 586 416 suaderet,
598 367 706 422 quaque
715 350 831 404 modeste

194 426 322 481 munifico
330 434 388 482 e'sse
398 427 465 491 lioet,
478 425 557 482 vellet
565 425 652 480 bouus
662 432 742 497 atque
752 426 886 498 benignus

194 519 259 566 esse,
271 501 343 555 daret
351 510 482 573 quantum
492 502 557 556 satis
565 508 642 566 esset,
654 517 703 555 neo
711 500 764 554 sibi
773 500 870 556 damno

195 575 449 648 dedeooriqueforet.
488 577 587 633 Verum
597 574 859 648 hooseampleotitur
872 593 941 642 uno,

195 652 245 706 hoe
254 660 323 705 amat
333 659 358 707 et
368 650 471 705 laudet:
487 652 650 718 »Matronam
660 650 763 705 nullam
772 668 821 722 ego
831 658 944 727 tauguzr
1033 716 1034 725 ἵ

141 736 165 779 55
194 732 226 779 ut
237 726 373 797 quondam
382 727 525 791 Marsaeus,
537 733 636 779 amator
645 724 773 798 Originis
786 725 839 790 ille,

195 802 243 873 qui
253 802 369 872 patrium
379 802 476 856 mimae
485 800 565 855 donat
573 799 741 871 luridumque
751 800 894 871 laremque,

195 876 256 931 »Nil
266 875 345 931 luerit
358 881 429 941 ml,«
447 877 550 949 inquit,
571 892 651 931 noum
666 875 795 929 uxoribus
814 893 943 946 umquam

434 995 436 999 .
690 949 813 1005 alienis«

195 1026 294 1081 Verum
305 1033 343 1080 est
353 1043 414 1081 eum
425 1027 526 1092 mimis,
537 1034 576 1081 est
585 1043 647 1081 oum
657 1026 851 1091 meretricibus,
874 1025 945 1080 unde

195 1100 265 1155 lama
284 1101 386 1155 malum
399 1102 524 1174 gravius,
545 1119 628 1173 quam
640 1118 694 1165 res,
711 1100 799 1154 trabit.
838 1100 880 1154 An
895 1101 943 1153 tibi

688 1175 795 1229 abunde

142 1260 167 1305 00
196 1266 335 1321 personam
344 1240 408 1303 satis
417 1257 465 1313 est,
479 1266 532 1303 uon
542 1247 618 1313 illud,
629 1247 762 1320 quidquid
775 1250 877 1321 ubique

196 1324 285 1389 olfioit,
298 1322 412 1377 evitare‘l
430 1324 530 1377 Bonam
540 1323 680 1394 deperdere
688 1322 796 1391 lamam,

197 1418 252 1454 rem
262 1400 343 1471 patris
352 1397 488 1464 oblimare,
503 1397 605 1453 malum
614 1405 653 1453 est
662 1398 834 1471 ubicumque.
873 1400 944 1467 Quid

690 1475 773 1528 inter-

196 1549 273 1605 estin
284 1556 410 1617 matrona,
423 1548 664 1621 aneilla,pecoesne
673 1548 776 1623 togata?

196 1623 293 1681 Villius
303 1626 332 1681 in
342 1626 447 1691 Fausta,
461 1624 549 1681 Sullae
558 1642 648 1699 gener,
660 1624 711 1679 boo
719 1626 800 1678 miser
812 1642 866 1687 uno

157 1714 167 1754 5
197 1700 304 1755 nomine
313 1699 446 1773 deeeptus,
458 1718 556 1771 poenas
566 1700 741 1772 deditusque,
753 1717 894 1770 superque,

196 1794 277 1847 quam
288 1776 352 1830 satis
361 1783 409 1842 est,
420 1778 520 1849 pugnis
530 1794 631 1843 caesus,
642 1774 762 1847 ferroque
771 1775 877 1846 petitus,

196 1850 320 1905 exclusus
330 1850 393 1917 lore,
406 1870 492 1923 quum
501 1853 674 1926 Longarenus
683 1849 748 1905 foret
757 1851 839 1906 intus.

196 1926 264 1979 Huic
273 1926 297 1979 si
308 1928 423 1981 mutonis
435 1927 524 1983 verbis
533 1926 601 1981 malu
612 1934 683 1981 tanta
692 1924 805 1980 videntis
1033 1976 1034 1985 ,

196 2000 292 2055 dioeret
302 2002 366 2056 haee
375 2000 494 2055 animus:
515 1999 606 2067 »Quid
615 2001 658 2058 vis
666 1999 733 2054 tibi?
749 1999 888 2071 Numquid
897 2016 945 2071 ugo
1033 2022 1034 2035 2

692 2082 741 2129 ato

142 2161 168 2203 00
197 2170 209 2201 r
216 2168 313 2223 magno
323 2156 481 2221 prognatum
493 2147 603 2219 deposoo
612 2150 720 2203 consule
729 2167 858 2212 curruum,

197 2225 384 2296 »velatumque
393 2223 468 2287 stola,
479 2240 538 2277 mee
547 2240 633 2295 quum
643 2224 789 2279 conferbuit
799 2222 873 2277 irai«

196 2300 263 2371 quid
274 2296 459 2370 responderet?
477 2298 591 2370 »Magno
599 2306 671 2369 patre
681 2307 740 2354 nata
749 2297 837 2370 puella
846 2304 914 2351 esta
931 2288 934 2305 ⁹

197 2376 230 2429 At
240 2382 340 2445 quanto
349 2373 457 2429 meliora
466 2381 555 2427 monet
563 2374 763 2446 pugnantiaque
775 2373 833 2427 istis

197 2448 273 2503 dives
282 2449 340 2519 'opis
351 2456 443 2503 natura
454 2466 525 2513 suae,
538 2455 567 2503 tu
577 2449 601 2503 si
610 2448 688 2503 modo
701 2455 769 2502 recte
849 2467 852 2479 ¹

142 2534 169 2579 05
199 2523 350 2593 dispensare
360 2523 434 2588 velis,
448 2540 477 2577 ac
486 2540 540 2577 nou
550 2522 674 2596 fugienda
684 2522 802 2594 petendis

197 2596 355 2651 immisoere.
395 2600 452 2654 Tuo
464 2598 528 2655 vitio
537 2616 660 2655 rerumne
670 2597 781 2669 labores,
