2067 3067
234 121 283 176 004
496 127 552 174 ns
588 114 708 174 40444

178 234 219 281 400
232 227 271 281 440
279 225 364 281 honor
371 233 397 280 et
406 243 501 282 nomen
512 227 612 281 divinis
623 227 727 280 vatibus
735 231 814 296 atqua

233 301 396 356 carminibus
407 303 487 356 venit.
528 303 587 354 Post
598 302 646 354 hos
655 301 767 372 insignis
777 301 913 355 Homerus

233 376 414 448 Tyrtaeusque
422 393 508 430 mares
517 375 760 429 animosinllartia
769 373 839 428 bella

233 449 354 504 versibus
366 451 482 505 exacuit:
504 449 588 504 dictae
598 466 645 521 per
653 449 770 503 carmina
780 457 873 513 sortes,

233 533 258 579 et
268 524 335 579 vitae
344 532 485 579 monstrata
496 525 539 579 via
550 531 598 588 ast,
609 533 636 577 et
643 524 727 596 gratia
737 541 830 596 regum

178 605 218 652 405
231 600 323 654 Pieriis
334 607 427 654 tentata
436 599 531 664 modis,
544 597 679 670 ludusque
687 605 813 668 repertus,
881 639 885 642 -

232 681 258 728 et
267 674 405 748 longorum
415 691 524 745 operum
535 673 612 727 finis:
626 703 665 714 -
673 690 708 727 ne
716 671 781 726 40440
789 672 887 744 pudori

233 749 268 803 sit
278 749 324 802 tibi
334 749 409 804 llusa
418 747 490 821 lyrae
499 747 723 802 sollersetcantor
732 745 835 818 Apollo.

270 824 383 877 Naturae
393 823 464 877 fieret
472 821 604 877 laudabile
612 839 727 886 carmen,
740 839 774 876 an
783 829 845 886 arte,

233 897 382 968 quaesitum
391 904 439 950 est.
464 897 522 970 Ego
531 896 707 952 necstudium
716 896 775 950 sine
783 896 865 951 divite
875 916 950 953 vena

177 977 218 1024 440
231 988 279 1025 nec
288 970 354 1025 rude
362 970 429 1043 quid
438 972 522 1042 possit
531 971 608 1026 video
619 971 772 1044 ingenium:
793 970 903 1026 alterius
913 975 956 1027 sic

232 1045 311 1100 altera
320 1047 404 1116 poscit
412 1063 489 1116 opem
497 1063 548 1112 res,
560 1053 585 1100 et
593 1046 711 1101 coniurat
720 1045 813 1100 amice.

232 1119 284 1185 Qui
294 1120 381 1174 studet
390 1128 502 1191 optatam
513 1138 594 1176 cursu
602 1121 754 1193 mntingere
762 1128 868 1187 metam,

232 1193 315 1247 multa
325 1194 385 1248 tulit
394 1193 506 1266 fecitque
514 1213 594 1266 puer;
615 1195 722 1249 sudavit
731 1203 757 1249 at
764 1194 833 1259 alsit,
902 1206 906 1213 '

232 1268 358 1321 abstinuit
367 1285 462 1322 venere
471 1276 496 1322 et
505 1271 578 1324 vino.
603 1269 655 1335 Qui
665 1269 759 1342 Pythia
768 1277 855 1324 cantat

177 1349 217 1394 415
230 1341 335 1405 tibicen,
348 1340 440 1395 didicit
449 1342 533 1412 prius,
548 1343 723 1415 extimuitque
736 1344 903 1416 magistrum.

232 1417 285 1469 Nec
294 1415 357 1469 satis
366 1423 414 1481 est,
425 1415 538 1470 dixisse:
559 1417 634 1489 »Ege
643 1419 710 1472 mira
719 1426 837 1489 poemata
844 1436 948 1494 pang03

231 1498 355 1562 »occupet
373 1497 522 1546 extremum
540 1491 654 1561 scabies;
676 1492 743 1547 mihi
762 1499 839 1564 turpe
860 1494 976 1566 relinqui

724 1575 772 1633 est,

230 1648 282 1705 404,
293 1640 366 1712 quod
376 1640 530 1706 condidici,
542 1659 606 1697 sane
615 1642 716 1696 nescire
724 1642 828 1696 lateris

230 1715 264 1769 Ut
273 1732 374 1786 praeco,
386 1715 420 1770 ad
429 1733 529 1771 merces
539 1718 644 1772 turbam
653 1717 701 1788 qui
711 1717 781 1790 cogit
788 1717 923 1783 emendas,

176 1795 216 1840 420
229 1789 403 1845 adsentatores
412 1791 486 1846 iubet
495 1790 530 1845 ad
539 1791 644 1847 luorum
653 1792 692 1845 ire
700 1799 775 1863 pcata

230 1862 304 1917 dives
313 1865 392 1938 agris,
405 1864 479 1920 dives
490 1866 583 1937 positis
595 1867 624 1920 in
633 1865 736 1920 foenore
745 1865 875 1920 nummis.

230 1936 258 1990 Si
268 1955 329 1992 vero
339 1945 385 2003 est,
398 1947 507 1994 unctum
518 1940 567 2012 qui
576 1947 644 1994 recte
651 1957 747 2012 ponere
754 1941 846 2012 possit,

230 2018 255 2064 et
264 2011 390 2082 spondere
400 2012 452 2066 levi
461 2030 510 2084 pro
518 2031 642 2085 paupere,
654 2021 679 2068 et
690 2015 789 2084 eripere
797 2015 876 2068 aretis

231 2083 320 2139 litibus
330 2085 501 2157 implicitum3
524 2087 648 2152 mirabor,
659 2088 683 2142 si
692 2089 755 2141 sciet
765 2090 844 2142 inter-

175 2166 216 2212 tlt
228 2176 333 2213 noscere
342 2160 495 2214 mendacem
504 2178 653 2233 verumque
664 2162 755 2216 beatus
765 2163 891 2216 amicum.

229 2233 279 2297 Tu,
294 2250 340 2287 seu
353 2233 459 2288 donaris
467 2251 515 2289 seu
523 2234 591 2306 quid
601 2236 699 2290 donare
707 2235 778 2291 voles
788 2237 840 2300 eui,

229 2306 310 2362 nolito
320 2307 353 2361 ad
363 2325 456 2363 versus
467 2308 515 2362 tibi
524 2308 604 2364 factos
616 2309 711 2364 ducere
720 2309 830 2381 plenum

229 2379 352 2449 laetitiae;
386 2381 510 2438 clamabit
532 2384 618 2438 enim:
653 2383 820 2438 οΡ410444040
853 2384 972 2441 »Benel«

721 2457 848 2510 »Rectel«

154 2590 157 2596 Ι
227 2524 350 2593 pallescet
359 2542 438 2596 super
447 2529 499 2592 his,
511 2531 590 2583 etiam
604 2527 713 2582 stillabit
721 2530 813 2583 amicis

173 2603 213 2650 400
226 2612 260 2650 ex
269 2596 352 2651 oculis
362 2616 456 2666 rorem,
468 2601 551 2666 saliet,
562 2601 655 2655 tundet
662 2601 729 2672 pede
740 2609 849 2656 terram,
