2067 3067
317 148 390 193 ΜΒ.
409 146 443 193 11.
470 146 553 194 SAT.
573 149 630 196 vll.
794 145 845 201 229

99 248 226 306 mundior
235 248 317 303 exiret
326 250 374 304 vix
382 247 522 317 libertinus
531 247 651 317 honeste,

100 326 155 380 iam
164 324 290 381 moechus
299 324 405 388 Romae,
417 324 471 378 iam
480 322 569 377 mallet
576 322 668 377 doctus
677 323 788 381 Athenis

101 400 203 464 vivere,
218 398 379 463 Vertumnis,
391 405 597 471 quotquoteunt,
609 407 687 453 natus
696 400 806 473 iniquia.

100 474 196 530 Scurra
208 473 370 538 Volanerius,
381 480 523 545 postquem
535 472 576 526 illi
586 474 653 528 iusta
663 474 786 549 cheragra
874 489 899 532 15

101 548 220 604 contudit
229 547 361 613 miculos,
373 550 421 620 qui
430 566 479 619 pro
487 566 516 602 se
525 548 624 603 milaret
633 556 712 621 atque

100 624 214 679 mitteret
223 623 251 677 in
259 624 384 694 phimum
395 622 469 689 talos,
482 623 602 678 meroede
609 623 706 679 diurna

100 699 260 755 eonductum
269 698 355 769 pavit:
376 707 476 770 quanta
484 699 642 754 oonatantior
651 699 736 753 isdem

101 775 130 829 in
140 774 221 839 vitiis,
233 779 305 829 tanto
314 772 399 829 levius
407 774 489 827 miser
497 790 529 827 ac
536 774 608 845 prior
619 773 675 839 illo,

100 849 150 921 qui
159 849 213 903 iam
223 854 351 913 contenta,
366 848 490 903 iamlaxo
499 847 564 903 fune
573 848 681 903 laborat.
874 861 900 904 2⁰

101 942 160 979 aar.
173 921 322 979 Nondieea
340 922 431 988 hodie,
453 940 583 995 quereum
602 923 667 978 haee
684 931 738 978 tam
755 924 847 995 putida

594 998 711 1063 tendant,

101 1071 225 1129 furcifer?
235 1071 341 1129 nav.Ad
349 1079 383 1137 te,
396 1072 517 1145 inquam.
537 1072 752 1145 uonQuopaeta,
763 1066 848 1146 paesi-

287 1166 290 1173 ⁴
595 1147 657 1203 me‘?
672 1167 731 1205 nur.
742 1148 847 1205 Laudas

4 1218 6 1249 ἕ
101 1221 605 1297 fortunamatmoresantiquaeplebis,
618 1223 733 1290 etidam,

101 1299 126 1355 si
136 1299 198 1373 quis
208 1298 242 1355 ad
253 1298 298 1353 illa
308 1298 373 1354 deus
383 1299 472 1355 subito
481 1306 505 1353 te
515 1305 583 1373 agat,
598 1317 685 1373 usque
694 1316 807 1366 recuses,

102 1382 147 1431 aut
156 1373 220 1449 quia
229 1390 282 1429 non
292 1374 382 1441 sentia,
394 1374 466 1448 quod
475 1374 582 1441 clamas,
594 1375 689 1430 rectius
697 1393 763 1440 mse,
875 1384 901 1428 25

102 1459 148 1507 aut
156 1451 221 1523 quia
229 1466 282 1505 non
293 1449 387 1504 firmus
397 1457 498 1506 rectum
507 1449 636 1517 defendis,
647 1458 674 1505 et
682 1450 781 1515 haeres,

102 1524 285 1598 nequidquam
294 1524 611 1595 menoeupiensevellere
619 1524 746 1596 plantam.
839 1585 842 1589 ,

101 1601 200 1655 Romae
209 1615 255 1652 rus
264 1605 352 1669 optas,
366 1598 500 1651 absentem
508 1598 624 1652 misticus
636 1599 730 1653 urbem

103 1671 216 1729 tollisad
229 1670 384 1727 astralevis.
424 1670 452 1725 Si
462 1672 708 1741 nusquamaeiorte
717 1681 828 1729 vocatus¹

104 1746 138 1803 ad
147 1763 263 1812 coenam,
275 1745 367 1801 laudas
376 1761 499 1800 securum
508 1744 578 1808 olus,
590 1759 628 1810 ae,
640 1746 713 1801 velut
723 1766 839 1820 usquam
876 1760 902 1802 eu

104 1822 210 1879 vinetus
219 1839 272 1887 aas,
284 1821 320 1875 ita
329 1828 354 1875 te
363 1818 466 1874 felieem
474 1817 542 1872 dieis
555 1835 690 1891 amesque,

104 1896 177 1971 quod
186 1914 320 1969 nusquam
329 1895 378 1950 tibi
388 1895 423 1949 sit
431 1893 587 1966 potandum.
626 1895 813 1951 lussaritadse

104 1974 239 2030 Maeeenaa
248 1990 337 2027 serum
347 1970 399 2025 auh
408 1968 511 2025 lumina
523 1969 609 2041 prima
618 1970 709 2025 venire

104 2048 258 2104 eonvivam:
279 2048 405 2103 »Nomen
415 2044 503 2100 oleum
515 2044 566 2101 fert
573 2044 665 2100 ocius?
682 2046 773 2118 aequis

105 2122 231 2180 »auditi«
250 2140 313 2177 eum
321 2138 418 2195 magno
426 2119 538 2177 blateras
546 2120 659 2177 elamore
667 2120 797 2193 surisque.
877 2132 902 2176 35

5 2246 6 2251 ,
105 2198 223 2255 Mulvius
233 2206 258 2252 et
267 2214 381 2262 scurrae,
391 2196 439 2251 tibi
450 2212 503 2253 non
512 2196 644 2252 rderenda
653 2197 759 2269 preeati,

105 2274 254 2331 discedunt.
292 2272 416 2327 »Etenim
424 2270 513 2339 fateor,
525 2289 577 2338 me,
585 2272 704 2327 edixerit
712 2271 765 2337 illa,

106 2349 186 2405 aduei
195 2356 285 2405 vantra
296 2347 393 2416 levem3
409 2364 505 2403 nasum
513 2347 606 2402 nidore
614 2347 737 2419 supinet:

106 2423 283 2489 rimhmillus,
295 2423 379 2490 iners;
399 2422 423 2479 ai
432 2422 500 2496 quid
507 2423 559 2488 via,
571 2422 646 2488 adde,
657 2423 768 2494 popin0;

5 2526 6 2563 ,
107 2506 163 2566 atu,
175 2516 261 2571 quum
269 2499 306 2554 ais
316 2497 389 2572 quod
397 2515 454 2572 ego,
465 2506 490 2553 et
498 2496 616 2553 fortassis
625 2498 745 2570 nequior,
759 2498 828 2553 ultro
877 2505 904 2552 4⁰

107 2574 259 2641 rimantem,
270 2573 344 2630 velut
352 2572 453 2639 melior,
465 2573 607 2645 verbisque
616 2572 715 2628 denaris

108 2650 252 2709 »obvolvas
262 2647 393 2719 vitium‘ia
411 2648 491 2717 Quid,
505 2648 530 2705 ei
538 2666 582 2705 me
590 2647 693 2705 stultior
701 2649 760 2722 ipen
