2067 3067
210 156 260 212 2ll
459 160 699 208 SATYRARUM

209 259 370 315 »Aedificare
380 278 462 327 casas,
474 261 593 333 plostello
603 262 746 336 adiungere
755 279 853 327 merres,
866 267 868 272 '

209 336 317 391 »ludere
325 354 372 409 par
382 338 476 409 impar,
489 338 606 409 equitare
618 339 646 391 in
655 336 784 392 arundine
797 337 883 411 longa,

208 412 249 466 asi
259 430 340 484 quem
350 412 455 467 delectet
463 412 612 478 barbatum,
629 413 742 466 amentia
752 421 844 467 verset.

154 498 193 543 250
207 487 253 543 »si
261 487 390 559 puerilius
403 488 446 543 his
456 487 521 543 ratio
531 505 588 542 esse
597 488 802 553 evinoetamam

210 563 438 637 »necquidquam
457 562 573 629 differre,
589 571 714 617 utrumne
727 562 755 615 in
773 562 891 634 pulvere,
909 563 959 618 tri·
1030 560 1032 564 ’

702 654 763 691 mus

210 712 307 785 »qualo
316 714 400 784 prius,
412 712 488 767 ludas
498 729 575 787 opus,
587 730 621 766 an
631 712 773 765 meretricis
784 728 871 766 amore

210 788 356 843 »sollicitus
365 787 463 859 plorem
484 804 591 860 quaero,
602 785 716 842 faciasne
725 786 797 857 quod
806 786 869 841 olim

209 871 344 918 »mutatus
356 862 477 919 Polemo?
492 880 575 935 ponas
584 862 699 935 insignia
709 861 803 925 morbi,

155 950 193 993 255
207 938 352 1005 »fasciolas
365 938 471 1003 cubital,
482 937 584 1003 localia,
595 944 671 1009 potus
680 936 764 991 utillo

208 1014 323 1067 adioitnr
332 1032 365 1069 ex
375 1014 441 1069 collo
449 1014 542 1069 furtim
551 1014 679 1085 carpsisse
687 1028 803 1076 ooronas,

210 1096 367 1161 »postquam
377 1097 416 1143 est
426 1089 553 1160 impransi
563 1096 696 1160 eorreptus
706 1105 770 1143 vooe
780 1086 919 1159 magistri?

210 1164 344 1236 »Porrigis
355 1165 420 1218 irato
429 1181 511 1235 puero
521 1181 608 1235 quum
617 1181 704 1235 poma,
716 1168 828 1217 reousat.
1030 1221 1031 1224 Ἴ

78 1294 80 1301 ,
210 1238 331 1303 »aSnme,
344 1238 468 1303 Catella«
478 1245 569 1311 negat:
590 1238 676 1292 sinon
686 1238 742 1304 des,
752 1243 832 1309 optat.
847 1236 956 1291 Amator

156 1324 194 1365 loo
208 1312 350 1365 »exclusus
360 1316 408 1384 qul
418 1312 504 1378 distat,
516 1313 571 1387 agit
580 1312 628 1367 ubi
637 1330 736 1379 secum,
746 1319 788 1367 eat
796 1330 831 1366 an
840 1329 902 1377 non,

210 1404 282 1458 aquo
292 1386 424 1441 rediturus
433 1394 487 1441 orat
496 1403 550 1441 non
560 1389 707 1454 amasenus,
719 1394 744 1442 et
751 1388 839 1441 haeret

210 1461 322 1515 »invisis
338 1460 457 1535 foribus?
475 1463 532 1517 »Ne
544 1478 625 1541 nuno,
641 1480 727 1535 qnum
739 1480 783 1517 me
793 1469 866 1517 vocat
874 1462 952 1528 ultro,

210 1535 381 1591 »aamedami
400 1555 433 1591 an
444 1537 532 1608 potius
541 1537 651 1592 mediter
660 1537 736 1592 finire
746 1536 865 1593 doloras‘l

210 1611 236 1665 ›ia
242 1610 371 1677 Exclusit,
391 1620 514 1667 revocata
529 1612 652 1668 redeam?
669 1614 737 1673 Non.
748 1613 772 1667 si
781 1613 905 1668 obsecret.
916 1644 955 1654 -
1020 1605 1024 1618 “

156 1773 195 1815 265
209 1782 221 1814 a
227 1780 328 1829 servus,
341 1780 393 1818 non
402 1762 492 1835 paullo
502 1764 657 1836 sapientior:
678 1761 797 1828 aOhere,
810 1778 928 1834 quaeres
1030 1777 1032 1781 “

211 1856 289 1892 »oneo
298 1839 408 1894 modum
417 1839 495 1894 habet
505 1857 591 1911 noque
599 1838 749 1903 eonsilium,
758 1838 856 1892 ratione
864 1836 956 1891 modo-

723 1930 756 1967 ue

211 1989 344 2043 atttraetari
365 2006 418 2044 non
438 1987 504 2043 vult.
544 1990 574 2042 ln
598 2005 686 2043 amoro
703 1931 772 2043 liaeo
792 1994 856 2042 sunt
874 1984 952 2052 mala,

569 2124 572 2129 ,
703 2062 812 2127 bellum,

211 2155 294 2210 rapax
304 2154 425 2193 rursum:
446 2136 510 2189 haec
519 2136 543 2190 si
552 2138 614 2207 quis
623 2139 782 2209 tempestatis
791 2153 871 2210 prope
882 2137 936 2190 ritu
1030 2134 1032 2137 ’

211 2208 788 2268 ›inmobiliaetoaeoafluitantiasortelahoret

157 2299 196 2342 270
207 2287 345 2343 »ireddere
356 2293 424 2341 oerta
437 2284 498 2351 sibi,
511 2285 597 2341 nihilo
605 2285 668 2358 plus
677 2287 796 2361 explioet,
808 2304 839 2341 ao
847 2287 871 2340 si

211 2382 237 2415 a»
244 2364 359 2419 insanire
367 2368 440 2435 paret
449 2368 516 2417 oerta
527 2361 626 2417 ratione
635 2362 795 2435 modoque«

210 2437 308 2503 »Qnid,
323 2454 409 2510 quum
419 2438 520 2491 Picenis
529 2454 671 2508 exoerpens
679 2438 781 2494 semina
791 2438 886 2507 pomis,

211 2529 225 2561 a
229 2511 338 2583 gaudes,
350 2512 373 2565 si
386 2528 516 2565 oamoram
525 2512 640 2582 percusti
648 2510 721 2574 sorte,
733 2528 813 2581 penes
823 2520 848 2565 te
856 2510 902 2565 es?

212 2584 306 2655 aquid,
318 2602 403 2657 quum
413 2585 491 2641 balba
500 2584 564 2640 [eris
573 2602 672 2640 annoso
681 2585 760 2640 verba
769 2584 865 2657 palato,

158 2666 197 2709 275
209 2656 378 2715 »aedificante
386 2676 459 2715 casas
468 2664 516 2733 qul
526 2658 632 2715 sanior?
650 2659 724 2715 Adde
733 2676 853 2715 eruorem
