2067 3067
214 145 262 197 498
464 146 704 195 SATYRARUM

210 248 328 321 praemia
348 246 458 305 laturus.
498 266 557 303 noa.
580 229 729 333 Cupidum3
753 254 826 319 pater
847 251 957 323 optime,

306 365 308 371 .
703 341 773 377 viras

212 397 349 453 deficiunt:
370 414 457 469 neque
468 398 541 453 onim
549 398 639 469 quivis
649 397 779 451 horrentia
792 398 854 469 pilis

212 473 327 546 agmina,
339 488 387 527 nco
395 470 474 527 fracta
482 478 620 543 pereuntes
630 472 738 542 cuspide
747 472 836 527 Gallos

158 558 184 602 15
212 546 378 603 collabentis
387 546 713 619 equodesoribatvulnera
725 546 824 601 Parthi.

212 641 282 677 rnna.
293 621 414 677 Attamen
424 628 450 675 at
459 621 560 675 iustum
568 629 670 692 pooeras
680 630 705 675 et
718 622 831 677 scribere
839 621 943 689 fortem,

212 696 360 770 Scipiadam
380 702 410 751 ut
428 695 534 767 sapiens
552 694 679 751 Lucilius.
706 714 776 824 daca.
797 698 873 753 Haud
886 701 957 754 mihi

724 788 791 835 cero,

212 843 496 918 quumresipsalerot
535 845 593 899 Nisi
603 844 695 899 dextro
704 853 828 916 tempore,
840 847 927 902 Flacci

214 921 291 975 verba
299 937 346 992 per
355 927 477 975 attentam
487 936 540 974 non
550 920 628 973 ibunt
636 919 753 974 Caesaris
763 938 867 989 aurem;

157 1005 183 1048 to
211 996 255 1050 cui
268 994 336 1049 malo
346 996 369 1049 si
380 994 492 1067 palpere,
505 994 647 1049 recalcitrat
655 994 775 1065 undique
784 1003 865 1049 tutus.
943 1007 947 1016 ‘

211 1088 281 1125 rara.
293 1070 396 1135 Quanto
405 1070 500 1123 rectius
510 1068 569 1135 hoo,
580 1086 663 1142 quam
675 1070 743 1123 tristi
753 1069 852 1123 laedere
861 1089 941 1125 versu

211 1146 381 1199 Pantolabum
389 1160 509 1197 scurram
519 1144 756 1213 Nomentanumque
766 1154 887 1213 nepotem

210 1235 296 1290 quum
309 1218 361 1271 sibi
377 1218 492 1288 quisque
507 1224 590 1282 timet,
605 1234 769 1289 quamquam
782 1226 821 1273 est
830 1219 953 1285 intactus,

699 1292 798 1347 etodit.

210 1380 268 1421 noa.
279 1356 350 1430 Quia
359 1363 471 1418 faciani?
490 1363 572 1418 Saltat
581 1360 714 1430 Milonius,
731 1376 759 1421 ut
769 1367 848 1422 settim
859 1370 908 1423 icto

157 1453 182 1496 25
210 1440 316 1495 accessit
325 1438 411 1511 feruor
421 1438 499 1509 capiti
514 1455 695 1512 numerusque
708 1441 837 1511 lucernis3

211 1516 300 1571 Castor
309 1514 406 1587 gaudet
415 1514 505 1585 equis;
520 1530 570 1568 ovo
579 1524 723 1587 prognatus
732 1517 822 1572 eodem

210 1591 322 1662 pugnis:
345 1596 408 1661 quot
417 1590 533 1659 capitum
543 1590 647 1654 uiuunt,
658 1592 921 1648 totiderlt'studlorltm

210 1664 304 1719 millia.
343 1665 384 1719 Me
393 1662 505 1735 pedibus
515 1664 623 1720 delectat
632 1665 752 1721 claudere
762 1669 862 1724 verba*

209 1739 295 1794 Lucili
305 1740 366 1805 ritu,
381 1746 501 1794 nostrum
510 1738 627 1795 mellaris
636 1749 756 1813 utroquo.

156 1825 182 1868 3⁰
211 1814 257 1869 lllo
269 1814 340 1869 velut
349 1814 410 1870 fidis
420 1826 513 1871 armna
522 1816 657 1871 sodalibiis
665 1816 730 1870 'olim

210 1889 329 1945 credebat
338 1889 422 1955 libris,
434 1900 530 1963 noque,
542 1892 566 1945 si
576 1891 772 1956 malesessum,
785 1904 914 1963 umquam

209 1964 349 2019 decurrens
358 1964 417 2029 alio,
430 1974 516 2036 neque
525 1968 550 2019 si
559 1967 639 2021 hone:
659 1968 762 2038 qualit,
778 1974 807 2021 ut
816 1967 902 2021 omnis

210 2040 297 2093 votiva
307 2044 391 2110 pateat
403 2038 483 2092 voluti
496 2039 625 2111 descripta
633 2040 729 2095 tabella

209 2115 263 2169 vite
284 2114 364 2169 senis.
403 2111 504 2183 Sequor
522 2114 608 2180 huno,
634 2116 757 2170 Lucanus
780 2122 814 2169 art
836 2114 949 2186 Apulus,

702 2207 765 2244 anco
804 2210 859 2243 :-

156 2271 181 2316 35
210 2278 273 2317 num
283 2208 813 2336 Venusinusaraafinemschutrumqlisej
825 2263 933 2318 colonus

209 2338 307 2391 missus
317 2337 418 2403 adhoc,
430 2336 515 2409 pulsis
526 2336 619 2409 (votus
628 2346 668 2393 est
676 2347 707 2394 ut
715 2338 794 2411 lama)
803 2338 923 2404 Sabellis,

209 2427 262 2483 quo
272 2428 305 2465 no
313 2426 360 2483 per
369 2422 484 2467 vacuum
493 2413 611 2467 Romano
619 2414 762 2468 incurrrerot
774 2414 865 2478 hostis,

209 2486 266 2539 sive
275 2487 347 2556 quod
356 2487 442 2557 Apula
452 2498 517 2559 'gons
527 2499 574 2540 seu
583 2487 656 2557 quod
665 2488 780 2541 Lucania
790 2487 891 2541 bellurn

209 2558 334 2613 incuteret
344 2560 464 2615 violenta.
503 2560 555 2614 Sed
567 2561 612 2615 hic
623 2560 709 2633 stylus
722 2562 795 2616 ltaud
804 2568 871 2633 petat
884 2562 953 2617 ultro

155 2638 181 2685 to
208 2649 371 2705 quemquam
381 2637 555 2703 animantem,
567 2643 593 2693 et
602 2646 645 2693 me
653 2635 735 2693 veluti
744 2636 872 2692 custodiet
880 2639 952 2691 ensis
