<?xml version="1.0" encoding="UTF-8"?>
<!DOCTYPE html PUBLIC "-//W3C//DTD XHTML 1.0 Transitional//EN"
    "http://www.w3.org/TR/xhtml1/DTD/xhtml1-transitional.dtd">
<html xmlns="http://www.w3.org/1999/xhtml" xml:lang="en" lang="en">
 <head>
  <title>
</title>
<meta http-equiv="Content-Type" content="text/html;charset=utf-8" />
  <meta name='ocr-system' content='tesseract 3.04.00' />
  <meta name='ocr-capabilities' content='ocr_page ocr_carea ocr_par ocr_line ocrx_word'/>
</head>
<body>
  <div class='ocr_page' id='page_1' title='image "./qhoratiiflaccio01weisgoog_0035.png"; bbox 0 0 2067 3067; ppageno 0'>
   <div class='ocr_carea' id='block_1_1' title="bbox 233 162 708 215">
    <p class='ocr_par' dir='ltr' id='par_1_1' title="bbox 233 162 708 215">
     <span class='ocr_line' id='line_1_1' title="bbox 233 162 708 215; baseline -0.011 0"><span class='ocrx_word' id='word_1_1' title='bbox 233 162 266 215; x_wconf 70' lang='lat'><strong>22</strong></span> <span class='ocrx_word' id='word_1_2' title='bbox 506 165 708 211; x_wconf 80' lang='lat' dir='ltr'>ODARUM</span> 
     </span>
    </p>
   </div>
   <div class='ocr_carea' id='block_1_2' title="bbox 173 264 981 1459">
    <p class='ocr_par' dir='ltr' id='par_1_2' title="bbox 173 264 981 1459">
     <span class='ocr_line' id='line_1_2' title="bbox 233 264 902 336; baseline -0.001 -16"><span class='ocrx_word' id='word_1_3' title='bbox 233 266 314 321; x_wconf 85' lang='lat' dir='ltr'><strong>Sionis</strong></span> <span class='ocrx_word' id='word_1_4' title='bbox 324 265 412 320; x_wconf 81' lang='lat' dir='ltr'><strong>omnia</strong></span> <span class='ocrx_word' id='word_1_5' title='bbox 422 282 484 319; x_wconf 84' lang='lat' dir='ltr'><strong>nam</strong></span> <span class='ocrx_word' id='word_1_6' title='bbox 495 264 794 335; x_wconf 78' lang='lat' dir='ltr'><strong>duradeusproposuit3</strong></span> <span class='ocrx_word' id='word_1_7' title='bbox 816 282 902 336; x_wconf 88' lang='lat' dir='ltr'><strong>neque</strong></span> 
     </span>
     <span class='ocr_line' id='line_1_3' title="bbox 233 339 815 413; baseline -0.003 -19"><span class='ocrx_word' id='word_1_8' title='bbox 233 342 367 396; x_wconf 79' lang='lat' dir='ltr'><strong>mordaces</strong></span> <span class='ocrx_word' id='word_1_9' title='bbox 377 340 451 394; x_wconf 83' lang='lat' dir='ltr'><strong>aliter</strong></span> <span class='ocrx_word' id='word_1_10' title='bbox 461 340 606 413; x_wconf 82' lang='lat' dir='ltr'><strong>dillugiunt</strong></span> <span class='ocrx_word' id='word_1_11' title='bbox 618 339 815 393; x_wconf 77' lang='lat' dir='ltr'><strong>sollicitudines.</strong></span> 
     </span>
     <span class='ocr_line' id='line_1_4' title="bbox 179 414 981 488; baseline 0 -19"><span class='ocrx_word' id='word_1_12' title='bbox 179 416 299 481; x_wconf 71' lang='lat' dir='ltr'><strong>tQuis</strong></span> <span class='ocrx_word' id='word_1_13' title='bbox 308 424 367 487; x_wconf 84' lang='lat' dir='ltr'><strong>post</strong></span> <span class='ocrx_word' id='word_1_14' title='bbox 377 416 439 471; x_wconf 85' lang='lat' dir='ltr'><strong>vina</strong></span> <span class='ocrx_word' id='word_1_15' title='bbox 448 433 557 488; x_wconf 78' lang='lat' dir='ltr'><strong>gravem</strong></span> <span class='ocrx_word' id='word_1_16' title='bbox 568 415 691 468; x_wconf 87' lang='lat' dir='ltr'><strong>militiam</strong></span> <span class='ocrx_word' id='word_1_17' title='bbox 703 422 749 468; x_wconf 81' lang='lat' dir='ltr'><strong>aut</strong></span> <span class='ocrx_word' id='word_1_18' title='bbox 760 414 912 485; x_wconf 75' lang='lat' dir='ltr'>pauperiem</span> <span class='ocrx_word' id='word_1_19' title='bbox 926 432 981 469; x_wconf 86' lang='lat' dir='ltr'><strong>cre-</strong></span> 
     </span>
     <span class='ocr_line' id='line_1_5' title="bbox 727 488 790 559; baseline -0.016 -17"><span class='ocrx_word' id='word_1_20' title='bbox 727 488 790 559; x_wconf 77' lang='lat' dir='ltr'><strong>pat?</strong></span> 
     </span>
     <span class='ocr_line' id='line_1_6' title="bbox 233 562 978 636; baseline 0.001 -18"><span class='ocrx_word' id='word_1_21' title='bbox 233 582 295 636; x_wconf 82' lang='lat' dir='ltr'><strong>quis</strong></span> <span class='ocrx_word' id='word_1_22' title='bbox 306 564 503 635; x_wconf 87' lang='lat' dir='ltr'><strong>nontepotrus</strong></span> <span class='ocrx_word' id='word_1_23' title='bbox 516 564 615 618; x_wconf 81' lang='lat' dir='ltr'><strong>Baeohe</strong></span> <span class='ocrx_word' id='word_1_24' title='bbox 625 573 709 635; x_wconf 83' lang='lat' dir='ltr'><strong>pater</strong></span> <span class='ocrx_word' id='word_1_25' title='bbox 722 573 813 634; x_wconf 88' lang='lat' dir='ltr'><strong>teque,</strong></span> <span class='ocrx_word' id='word_1_26' title='bbox 828 562 921 617; x_wconf 86' lang='lat' dir='ltr'><strong>deoens</strong></span> <span class='ocrx_word' id='word_1_27' title='bbox 931 565 978 619; x_wconf 76' lang='lat' dir='ltr'><strong>Ve-</strong></span> 
     </span>
     <span class='ocr_line' id='line_1_7' title="bbox 729 637 799 693; baseline -0.029 0"><span class='ocrx_word' id='word_1_28' title='bbox 729 637 799 693; x_wconf 83' lang='lat' dir='ltr'><strong>nus‘?</strong></span> 
     </span>
     <span class='ocr_line' id='line_1_8' title="bbox 233 712 854 785; baseline -0.003 -18"><span class='ocrx_word' id='word_1_29' title='bbox 233 712 267 767; x_wconf 80' lang='lat' dir='ltr'><strong>At</strong></span> <span class='ocrx_word' id='word_1_30' title='bbox 277 731 309 767; x_wconf 91' lang='lat' dir='ltr'><strong>ne</strong></span> <span class='ocrx_word' id='word_1_31' title='bbox 319 715 380 785; x_wconf 91' lang='lat' dir='ltr'><strong>quis</strong></span> <span class='ocrx_word' id='word_1_32' title='bbox 391 714 487 768; x_wconf 90' lang='lat' dir='ltr'><strong>modici</strong></span> <span class='ocrx_word' id='word_1_33' title='bbox 498 714 627 768; x_wconf 84' lang='lat' dir='ltr'><strong>transiliat</strong></span> <span class='ocrx_word' id='word_1_34' title='bbox 637 732 747 767; x_wconf 86' lang='lat' dir='ltr'><strong>munera</strong></span> <span class='ocrx_word' id='word_1_35' title='bbox 757 712 854 777; x_wconf 83' lang='lat' dir='ltr'>Liberi</span> 
     </span>
     <span class='ocr_line' id='line_1_9' title="bbox 234 788 913 860; baseline 0.001 -18"><span class='ocrx_word' id='word_1_36' title='bbox 234 788 377 843; x_wconf 80' lang='lat' dir='ltr'><strong>Centaurea</strong></span> <span class='ocrx_word' id='word_1_37' title='bbox 387 797 474 843; x_wconf 88' lang='lat' dir='ltr'><strong>monet</strong></span> <span class='ocrx_word' id='word_1_38' title='bbox 484 807 545 842; x_wconf 90' lang='lat' dir='ltr'><strong>oum</strong></span> <span class='ocrx_word' id='word_1_39' title='bbox 555 790 706 860; x_wconf 87' lang='lat' dir='ltr'><strong>Lapithis&#39;</strong></span> <span class='ocrx_word' id='word_1_40' title='bbox 685 807 740 842; x_wconf 81' lang='lat' dir='ltr'><strong>rrxa</strong></span> <span class='ocrx_word' id='word_1_41' title='bbox 752 806 831 860; x_wconf 89' lang='lat' dir='ltr'><strong>super</strong></span> <span class='ocrx_word' id='word_1_42' title='bbox 841 805 913 843; x_wconf 83' lang='lat' dir='ltr'><strong>mero</strong></span> 
     </span>
     <span class='ocr_line' id='line_1_10' title="bbox 234 862 847 929; baseline 0 -13"><span class='ocrx_word' id='word_1_43' title='bbox 234 862 369 929; x_wconf 84' lang='lat' dir='ltr'><strong>debellata,</strong></span> <span class='ocrx_word' id='word_1_44' title='bbox 381 874 469 920; x_wconf 91' lang='lat' dir='ltr'><strong>monet</strong></span> <span class='ocrx_word' id='word_1_45' title='bbox 479 864 606 917; x_wconf 83' lang='lat' dir='ltr'><strong>Sithoniis</strong></span> <span class='ocrx_word' id='word_1_46' title='bbox 617 882 668 918; x_wconf 95' lang='lat' dir='ltr'><strong>non</strong></span> <span class='ocrx_word' id='word_1_47' title='bbox 681 864 745 918; x_wconf 84' lang='lat' dir='ltr'><strong>levis</strong></span> <span class='ocrx_word' id='word_1_48' title='bbox 755 863 847 927; x_wconf 68' lang='lat' dir='ltr'><strong>Evius</strong></span> 
     </span>
     <span class='ocr_line' id='line_1_11' title="bbox 180 938 862 1011; baseline 0.001 -22"><span class='ocrx_word' id='word_1_49' title='bbox 180 948 205 989; x_wconf 84' lang='lat' dir='ltr'><strong>tu</strong></span> <span class='ocrx_word' id='word_1_50' title='bbox 234 956 320 1009; x_wconf 91' lang='lat' dir='ltr'><strong>quum</strong></span> <span class='ocrx_word' id='word_1_51' title='bbox 330 938 368 993; x_wconf 86' lang='lat' dir='ltr'><strong>los</strong></span> <span class='ocrx_word' id='word_1_52' title='bbox 379 948 457 1010; x_wconf 85' lang='lat' dir='ltr'><strong>atque</strong></span> <span class='ocrx_word' id='word_1_53' title='bbox 468 938 540 993; x_wconf 80' lang='lat' dir='ltr'><strong>nefas</strong></span> <span class='ocrx_word' id='word_1_54' title='bbox 549 939 647 1011; x_wconf 81' lang='lat' dir='ltr'><strong>exiguo</strong></span> <span class='ocrx_word' id='word_1_55' title='bbox 656 938 708 991; x_wconf 85' lang='lat' dir='ltr'><strong>fine</strong></span> <span class='ocrx_word' id='word_1_56' title='bbox 721 938 862 991; x_wconf 88' lang='lat' dir='ltr'><strong>libidinum</strong></span> 
     </span>
     <span class='ocr_line' id='line_1_12' title="bbox 173 1010 948 1085; baseline 0.003 -20"><span class='ocrx_word' id='word_1_57' title='bbox 173 1035 175 1039; x_wconf 95' lang='lat'>·</span> <span class='ocrx_word' id='word_1_58' title='bbox 234 1013 387 1067; x_wconf 83' lang='lat' dir='ltr'><strong>discernunt</strong></span> <span class='ocrx_word' id='word_1_59' title='bbox 396 1013 477 1067; x_wconf 82' lang='lat' dir='ltr'><strong>avidi.</strong></span> <span class='ocrx_word' id='word_1_60' title='bbox 517 1016 677 1097; x_wconf 82' lang='lat' dir='ltr'><strong>Nouegote‚</strong></span> <span class='ocrx_word' id='word_1_61' title='bbox 690 1010 948 1079; x_wconf 80' lang='lat' dir='ltr'><strong>candideuassareu,</strong></span> 
     </span>
     <span class='ocr_line' id='line_1_13' title="bbox 235 1086 891 1159; baseline 0 -20"><span class='ocrx_word' id='word_1_62' title='bbox 235 1088 302 1140; x_wconf 90' lang='lat' dir='ltr'><strong>invit</strong></span> <span class='ocrx_word' id='word_1_63' title='bbox 304 1106 349 1142; x_wconf 94' lang='lat' dir='ltr'><strong>um</strong></span> <span class='ocrx_word' id='word_1_64' title='bbox 359 1089 491 1159; x_wconf 79' lang='lat' dir='ltr'><strong>quatiam3</strong></span> <span class='ocrx_word' id='word_1_65' title='bbox 514 1105 562 1141; x_wconf 88' lang='lat' dir='ltr'><strong>nee</strong></span> <span class='ocrx_word' id='word_1_66' title='bbox 571 1089 652 1142; x_wconf 85' lang='lat' dir='ltr'><strong>variis</strong></span> <span class='ocrx_word' id='word_1_67' title='bbox 658 1088 745 1153; x_wconf 76' lang='lat' dir='ltr'><strong>obsite</strong></span> <span class='ocrx_word' id='word_1_68' title='bbox 753 1086 891 1141; x_wconf 82' lang='lat' dir='ltr'><strong>frondibus</strong></span> 
     </span>
     <span class='ocr_line' id='line_1_14' title="bbox 234 1162 933 1234; baseline 0.001 -19"><span class='ocrx_word' id='word_1_69' title='bbox 234 1162 389 1217; x_wconf 92' lang='lat' dir='ltr'><strong>subdivum</strong></span> <span class='ocrx_word' id='word_1_70' title='bbox 401 1164 510 1234; x_wconf 79' lang='lat' dir='ltr'><strong>rapiam.</strong></span> <span class='ocrx_word' id='word_1_71' title='bbox 550 1162 631 1216; x_wconf 76' lang='lat' dir='ltr'><strong>Saevo</strong></span> <span class='ocrx_word' id='word_1_72' title='bbox 642 1170 700 1216; x_wconf 90' lang='lat' dir='ltr'><strong>tene</strong></span> <span class='ocrx_word' id='word_1_73' title='bbox 709 1179 771 1215; x_wconf 89' lang='lat' dir='ltr'><strong>oum</strong></span> <span class='ocrx_word' id='word_1_74' title='bbox 780 1162 933 1234; x_wconf 78' lang='lat' dir='ltr'><strong>berecyntio</strong></span> 
     </span>
     <span class='ocr_line' id='line_1_15' title="bbox 233 1237 965 1309; baseline -0.004 -18"><span class='ocrx_word' id='word_1_75' title='bbox 233 1254 315 1291; x_wconf 87' lang='lat' dir='ltr'><strong>cornu</strong></span> <span class='ocrx_word' id='word_1_76' title='bbox 324 1244 458 1309; x_wconf 78' lang='lat' dir='ltr'><strong>tympana,</strong></span> <span class='ocrx_word' id='word_1_77' title='bbox 471 1254 539 1308; x_wconf 82' lang='lat' dir='ltr'><strong>quae</strong></span> <span class='ocrx_word' id='word_1_78' title='bbox 549 1237 721 1307; x_wconf 80' lang='lat' dir='ltr'><strong>subsequitur</strong></span> <span class='ocrx_word' id='word_1_79' title='bbox 729 1253 820 1291; x_wconf 76' lang='lat' dir='ltr'><strong>coecus</strong></span> <span class='ocrx_word' id='word_1_80' title='bbox 830 1252 903 1290; x_wconf 82' lang='lat' dir='ltr'><strong>amor</strong></span> <span class='ocrx_word' id='word_1_81' title='bbox 913 1238 965 1300; x_wconf 71' lang='lat' dir='ltr'><strong>sui,</strong></span> 
     </span>
     <span class='ocr_line' id='line_1_16' title="bbox 179 1311 884 1385; baseline 0 -22"><span class='ocrx_word' id='word_1_82' title='bbox 179 1322 204 1363; x_wconf 84' lang='lat'><strong>15</strong></span> <span class='ocrx_word' id='word_1_83' title='bbox 233 1320 258 1365; x_wconf 89' lang='lat' dir='ltr'><strong>et</strong></span> <span class='ocrx_word' id='word_1_84' title='bbox 267 1311 360 1365; x_wconf 90' lang='lat' dir='ltr'><strong>tollens</strong></span> <span class='ocrx_word' id='word_1_85' title='bbox 373 1328 485 1366; x_wconf 84' lang='lat' dir='ltr'><strong>vacuum</strong></span> <span class='ocrx_word' id='word_1_86' title='bbox 495 1311 557 1383; x_wconf 92' lang='lat' dir='ltr'><strong>plus</strong></span> <span class='ocrx_word' id='word_1_87' title='bbox 566 1312 650 1365; x_wconf 92' lang='lat' dir='ltr'><strong>nimio</strong></span> <span class='ocrx_word' id='word_1_88' title='bbox 658 1311 742 1385; x_wconf 80' lang='lat' dir='ltr'><strong>gloria</strong></span> <span class='ocrx_word' id='word_1_89' title='bbox 752 1312 884 1375; x_wconf 85' lang='lat' dir='ltr'><strong>vertioem‚</strong></span> 
     </span>
     <span class='ocr_line' id='line_1_17' title="bbox 234 1385 835 1459; baseline 0 -19"><span class='ocrx_word' id='word_1_90' title='bbox 234 1388 375 1458; x_wconf 80' lang='lat' dir='ltr'><strong>arcanique</strong></span> <span class='ocrx_word' id='word_1_91' title='bbox 385 1386 449 1441; x_wconf 84' lang='lat' dir='ltr'><strong>fides</strong></span> <span class='ocrx_word' id='word_1_92' title='bbox 458 1386 578 1459; x_wconf 78' lang='lat' dir='ltr'><strong>prodige,</strong></span> <span class='ocrx_word' id='word_1_93' title='bbox 590 1385 748 1456; x_wconf 83' lang='lat' dir='ltr'><strong>perlucidior</strong></span> <span class='ocrx_word' id='word_1_94' title='bbox 758 1386 835 1441; x_wconf 87' lang='lat' dir='ltr'><strong>vitro.</strong></span> 
     </span>
    </p>
   </div>
   <div class='ocr_carea' id='block_1_3' title="bbox 397 1650 813 1812">
    <p class='ocr_par' dir='ltr' id='par_1_3' title="bbox 397 1650 813 1812">
     <span class='ocr_line' id='line_1_18' title="bbox 454 1650 763 1708; baseline 0.006 -3"><span class='ocrx_word' id='word_1_95' title='bbox 454 1650 596 1706; x_wconf 82' lang='lat' dir='ltr'><strong>oDE</strong></span> <span class='ocrx_word' id='word_1_96' title='bbox 655 1652 763 1708; x_wconf 85' lang='lat' dir='ltr'><strong>XIX.</strong></span> 
     </span>
     <span class='ocr_line' id='line_1_19' title="bbox 397 1769 813 1812; baseline -0.002 0"><span class='ocrx_word' id='word_1_97' title='bbox 397 1769 459 1812; x_wconf 75' lang='lat' dir='ltr'><strong>An</strong></span> <span class='ocrx_word' id='word_1_98' title='bbox 507 1769 813 1812; x_wconf 70' lang='lat' dir='ltr'><strong>erroneum</strong></span> 
     </span>
    </p>
   </div>
   <div class='ocr_carea' id='block_1_4' title="bbox 233 1975 979 2087">
    <p class='ocr_par' dir='ltr' id='par_1_4' title="bbox 233 1975 979 2087">
     <span class='ocr_line' id='line_1_20' title="bbox 233 1975 979 2025; baseline 0.001 -14"><span class='ocrx_word' id='word_1_99' title='bbox 233 1977 318 2023; x_wconf 79' lang='lat' dir='ltr'><strong>Propter</strong></span> <span class='ocrx_word' id='word_1_100' title='bbox 328 1975 424 2025; x_wconf 71' lang='lat' dir='ltr'><strong>Glycerae</strong></span> <span class='ocrx_word' id='word_1_101' title='bbox 437 1975 611 2023; x_wconf 83' lang='lat' dir='ltr'><strong>pulchritudinem</strong></span> <span class='ocrx_word' id='word_1_102' title='bbox 624 1976 662 2013; x_wconf 83' lang='lat' dir='ltr'><strong>sibi</strong></span> <span class='ocrx_word' id='word_1_103' title='bbox 676 1978 799 2014; x_wconf 82' lang='lat' dir='ltr'><strong>redeundum</strong></span> <span class='ocrx_word' id='word_1_104' title='bbox 811 1989 853 2013; x_wconf 78' lang='lat' dir='ltr'><strong>esse</strong></span> <span class='ocrx_word' id='word_1_105' title='bbox 865 1976 891 2013; x_wconf 70' lang='lat' dir='ltr'><strong>nd</strong></span> <span class='ocrx_word' id='word_1_106' title='bbox 904 1988 979 2013; x_wconf 75' lang='lat' dir='ltr'><strong>morer</strong></span> 
     </span>
     <span class='ocr_line' id='line_1_21' title="bbox 246 2037 892 2087; baseline 0 -12"><span class='ocrx_word' id='word_1_107' title='bbox 246 2054 248 2058; x_wconf 95' lang='lat'>·</span> <span class='ocrx_word' id='word_1_108' title='bbox 309 2038 457 2087; x_wconf 76' lang='lat' dir='ltr'><strong>Bacchumque,</strong></span> <span class='ocrx_word' id='word_1_109' title='bbox 467 2037 532 2075; x_wconf 81' lang='lat' dir='ltr'><strong>missis</strong></span> <span class='ocrx_word' id='word_1_110' title='bbox 542 2037 587 2074; x_wconf 72' lang='lat' dir='ltr'><strong>aliis</strong></span> <span class='ocrx_word' id='word_1_111' title='bbox 596 2039 695 2084; x_wconf 80' lang='lat' dir='ltr'><strong>omnibus,</strong></span> <span class='ocrx_word' id='word_1_112' title='bbox 705 2041 769 2078; x_wconf 83' lang='lat' dir='ltr'><strong>docet.</strong></span> <span class='ocrx_word' id='word_1_113' title='bbox 794 2044 855 2079; x_wconf 69' lang='lat' dir='ltr'><strong>mur.</strong></span> <span class='ocrx_word' id='word_1_114' title='bbox 866 2041 892 2075; x_wconf 82' lang='lat' dir='ltr'><strong>V.</strong></span> 
     </span>
    </p>
   </div>
   <div class='ocr_carea' id='block_1_5' title="bbox 238 2128 902 2730">
    <p class='ocr_par' dir='ltr' id='par_1_5' title="bbox 238 2128 902 2730">
     <span class='ocr_line' id='line_1_22' title="bbox 268 2128 825 2207; baseline -0.002 -16"><span class='ocrx_word' id='word_1_115' title='bbox 268 2128 358 2191; x_wconf 82' lang='lat' dir='ltr'><strong>Mater</strong></span> <span class='ocrx_word' id='word_1_116' title='bbox 370 2154 446 2191; x_wconf 80' lang='lat' dir='ltr'><strong>saeva</strong></span> <span class='ocrx_word' id='word_1_117' title='bbox 456 2135 619 2207; x_wconf 88' lang='lat' dir='ltr'><strong>Cupidinum</strong></span> <span class='ocrx_word' id='word_1_118' title='bbox 822 2181 825 2184; x_wconf 95' lang='lat'>.</span> 
     </span>
     <span class='ocr_line' id='line_1_23' title="bbox 307 2209 884 2298; baseline 0.006 -33"><span class='ocrx_word' id='word_1_119' title='bbox 307 2211 497 2282; x_wconf 81' lang='lat' dir='ltr'><strong>Thebanaeque</strong></span> <span class='ocrx_word' id='word_1_120' title='bbox 507 2211 579 2265; x_wconf 90' lang='lat' dir='ltr'><strong>iubet</strong></span> <span class='ocrx_word' id='word_1_121' title='bbox 587 2228 630 2266; x_wconf 91' lang='lat' dir='ltr'><strong>me</strong></span> <span class='ocrx_word' id='word_1_122' title='bbox 636 2209 753 2267; x_wconf 88' lang='lat' dir='ltr'><strong>Semeles</strong></span> <span class='ocrx_word' id='word_1_123' title='bbox 763 2212 884 2298; x_wconf 58' lang='lat' dir='ltr'><strong>puers</strong></span> 
     </span>
     <span class='ocr_line' id='line_1_24' title="bbox 269 2286 514 2341; baseline 0.003 0"><span class='ocrx_word' id='word_1_124' title='bbox 269 2295 294 2341; x_wconf 87' lang='lat' dir='ltr'><strong>et</strong></span> <span class='ocrx_word' id='word_1_125' title='bbox 303 2286 399 2341; x_wconf 80' lang='lat' dir='ltr'><strong>lasciva</strong></span> <span class='ocrx_word' id='word_1_126' title='bbox 413 2286 514 2341; x_wconf 81' lang='lat' dir='ltr'><strong>lieentia</strong></span> 
     </span>
     <span class='ocr_line' id='line_1_25' title="bbox 306 2339 902 2459; baseline 0.002 -42"><span class='ocrx_word' id='word_1_127' title='bbox 306 2361 388 2417; x_wconf 80' lang='lat' dir='ltr'><strong>finitis</strong></span> <span class='ocrx_word' id='word_1_128' title='bbox 398 2378 518 2417; x_wconf 82' lang='lat' dir='ltr'><strong>animum</strong></span> <span class='ocrx_word' id='word_1_129' title='bbox 529 2361 635 2416; x_wconf 89' lang='lat' dir='ltr'><strong>reddere</strong></span> <span class='ocrx_word' id='word_1_130' title='bbox 648 2362 792 2417; x_wconf 83' lang='lat' dir='ltr'><strong>amoribus</strong></span> <span class='ocrx_word' id='word_1_131' title='bbox 867 2339 902 2459; x_wconf 50' lang='lat' dir='ltr'><strong>h·</strong></span> 
     </span>
     <span class='ocr_line' id='line_1_26' title="bbox 270 2436 902 2509; baseline 0.002 -18"><span class='ocrx_word' id='word_1_132' title='bbox 270 2438 326 2491; x_wconf 86' lang='lat' dir='ltr'><strong>Uut</strong></span> <span class='ocrx_word' id='word_1_133' title='bbox 337 2455 380 2491; x_wconf 85' lang='lat' dir='ltr'><strong>me</strong></span> <span class='ocrx_word' id='word_1_134' title='bbox 389 2436 514 2509; x_wconf 80' lang='lat' dir='ltr'><strong>Glycerae</strong></span> <span class='ocrx_word' id='word_1_135' title='bbox 525 2438 593 2491; x_wconf 80' lang='lat' dir='ltr'><strong>nitor</strong></span> <span class='ocrx_word' id='word_1_136' title='bbox 874 2455 902 2499; x_wconf 62' lang='lat' dir='ltr'><strong>s}</strong></span> 
     </span>
     <span class='ocr_line' id='line_1_27' title="bbox 304 2510 896 2593; baseline 0.003 -30.007"><span class='ocrx_word' id='word_1_137' title='bbox 304 2510 466 2593; x_wconf 77' lang='lat' dir='ltr'><strong>splendentis</strong></span> <span class='ocrx_word' id='word_1_138' title='bbox 478 2512 553 2564; x_wconf 85' lang='lat' dir='ltr'><strong>Pario</strong></span> <span class='ocrx_word' id='word_1_139' title='bbox 562 2529 691 2565; x_wconf 85' lang='lat' dir='ltr'><strong>marmore</strong></span> <span class='ocrx_word' id='word_1_140' title='bbox 702 2513 822 2584; x_wconf 87' lang='lat' dir='ltr'><strong>purius:</strong></span> <span class='ocrx_word' id='word_1_141' title='bbox 866 2573 868 2578; x_wconf 86' lang='lat'><em>.</em></span> <span class='ocrx_word' id='word_1_142' title='bbox 890 2512 896 2523; x_wconf 79' lang='grc'><strong>’“</strong></span> 
     </span>
     <span class='ocr_line' id='line_1_28' title="bbox 268 2583 898 2653; baseline 0.005 -18"><span class='ocrx_word' id='word_1_143' title='bbox 268 2583 321 2635; x_wconf 88' lang='lat' dir='ltr'><strong>urit</strong></span> <span class='ocrx_word' id='word_1_144' title='bbox 333 2591 405 2653; x_wconf 77' lang='lat' dir='ltr'><strong>gruta</strong></span> <span class='ocrx_word' id='word_1_145' title='bbox 416 2585 577 2652; x_wconf 85' lang='lat' dir='ltr'><strong>protervitas,</strong></span> <span class='ocrx_word' id='word_1_146' title='bbox 895 2595 898 2611; x_wconf 77' lang='grc'><strong>“</strong></span> 
     </span>
     <span class='ocr_line' id='line_1_29' title="bbox 238 2655 899 2730; baseline 0.012 -24"><span class='ocrx_word' id='word_1_147' title='bbox 238 2710 243 2719; x_wconf 17' lang='lat' dir='ltr'>N</span> <span class='ocrx_word' id='word_1_148' title='bbox 305 2663 330 2707; x_wconf 88' lang='lat' dir='ltr'><strong>et</strong></span> <span class='ocrx_word' id='word_1_149' title='bbox 341 2655 478 2720; x_wconf 86' lang='lat' dir='ltr'><strong>vultus,&#39;</strong></span> <span class='ocrx_word' id='word_1_150' title='bbox 451 2658 566 2711; x_wconf 74' lang='lat' dir='ltr'><strong>nimium</strong></span> <span class='ocrx_word' id='word_1_151' title='bbox 577 2657 694 2712; x_wconf 87' lang='lat' dir='ltr'><strong>lubricus</strong></span> <span class='ocrx_word' id='word_1_152' title='bbox 707 2659 819 2730; x_wconf 77' lang='lat' dir='ltr'><strong>adspici,</strong></span> <span class='ocrx_word' id='word_1_153' title='bbox 894 2686 899 2722; x_wconf 82' lang='grc'>;</span> 
     </span>
    </p>
   </div>
   <div class='ocr_carea' id='block_1_6' title="bbox 0 0 1038 3067">
    <p class='ocr_par' dir='ltr' id='par_1_6' title="bbox 0 0 1038 3067">
     <span class='ocr_line' id='line_1_30' title="bbox 0 0 1038 3067; baseline 0 0"><span class='ocrx_word' id='word_1_154' title='bbox 0 0 1038 3067; x_wconf 95' lang='lat' dir='ltr'><strong> </strong></span> 
     </span>
    </p>
   </div>
  </div>
 </body>
</html>
