2067 3067
230 94 280 177 ao'a
481 122 721 171 snrrnnnun

230 224 293 277 »fiet
301 238 371 294 aper,
383 222 461 277 modo
469 224 536 288 avis,
549 223 741 287 nodosarum,
754 227 788 285 et,
799 237 885 292 quum
894 221 973 288 volet,

721 296 808 350 arbor.

231 371 419 427 »simularem
429 390 528 445 gerere,
540 372 628 426 insani
636 379 683 435 est,
695 378 782 425 eontra
793 371 868 436 bene,
881 376 954 442 sani;

176 458 202 501 75
230 448 366 518 »putidius
376 446 459 501 multo
469 447 605 500 oerebrum
615 453 667 511 aet,
678 446 746 498 mihi
758 445 842 511 oredo,
855 447 945 501 Perilli

231 521 383 586 »dictantis
394 521 500 592 quodtu
511 538 650 591 nunquam
660 520 800 574 rescribere
810 521 905 592 possis.

231 596 348 651 »Audire
357 603 435 667 atque
445 602 532 668 togam
542 596 620 649 iubeo
628 611 790 664 oomponere‚
799 595 925 667 quisquis

231 671 391 725 »ambitione
401 669 469 723 mala
479 677 525 724 aut
534 669 635 741 argenti
644 668 828 739 pedetenus,

230 746 372 817 »quisquis
382 743 489 798 luxuria
500 740 610 797 tristive
623 744 805 815 superstitione

177 830 202 872 80
230 818 354 874 »autolio
365 819 460 874 mentis
470 818 563 873 morbo
571 816 645 872 calet.
684 819 742 872 Huo
752 817 861 890 propius
871 837 923 885 me,

230 893 314 948 ndum
324 894 402 949 dooeo
411 893 527 949 insanire
536 903 636 957 omnes,
648 909 695 946 vos
704 892 797 947 ordine
805 893 883 947 adita.

230 968 338 1023 »Danda
347 976 386 1023 est
394 968 521 1022 hellebori
529 965 612 1021 multo
621 983 682 1037 pars
691 968 808 1021 maxima
818 969 919 1037 avaris;

230 1043 335 1098 »nosoio
345 1061 378 1097 an
389 1043 541 1117 Antioyram
550 1042 615 1096 ratio
624 1041 678 1095 illis
686 1040 798 1096 destinet
809 1058 927 1097 omnem.

230 1118 360 1171 »Haedos
370 1116 470 1171 Staberi
480 1133 614 1171 summam
623 1115 737 1170 incidere
746 1115 878 1187 sepulcro:

177 1200 202 1242 85
231 1192 277 1244 »ni
288 1192 327 1243 sio
339 1191 467 1253 fecissent,
479 1190 655 1263 gladiatorum
667 1189 729 1244 dare
738 1197 844 1244 eentum

230 1265 364 1318 »damnati
379 1262 476 1334 populo
485 1264 559 1334 paria
573 1270 652 1334 atque
660 1264 770 1335 epulum
780 1265 888 1319 arbitrio
898 1265 974 1333 Arre

229 1338 372 1391 »frumenti
382 1344 512 1408 quantum
522 1338 597 1392 metit
605 1337 828 1394 Africa-»Sive
837 1357 886 1411 ego
894 1358 977 1410 pravo

230 1429 309 1466 »essu
319 1419 395 1475 recto,
408 1411 552 1467 hoovolui:
567 1412 767 1483 nesispatruus
777 1413 877 1467 mihil«
892 1415 977 1469 Credo

229 1487 297 1541 »hoo
313 1485 414 1541 Staberi
426 1484 584 1557 prudentem
600 1486 720 1542 animum
729 1487 838 1541 vidisse.
877 1494 895 1543 1
903 1488 977 1554 Quid

722 1578 750 1615 er

176 1646 202 1689 to
230 1656 243 1687 »
248 1636 338 1701 sensit,
350 1652 435 1706 quum
445 1651 580 1691 summam
589 1636 729 1707 patrimoni
739 1578 886 1706 igndoulpere
898 1654 965 1693 saxo

229 1710 355 1765 »heredes
367 1708 472 1765 voluit‘t
491 1709 610 1777 ‘iQuoad
620 1711 696 1775 vixit,
707 1710 817 1764 eredidit
826 1711 921 1783 ingens

229 1785 397 1855 »pauperiem
408 1785 505 1839 vitium
515 1793 540 1839 et
549 1786 618 1840 cavit
627 1784 695 1839 nihil
706 1784 801 1849 aurius,
813 1793 852 1848 ut,
865 1785 888 1837 si

230 1858 311 1913 »sorte
320 1861 410 1915 minus
423 1858 539 1929 locuples
547 1877 602 1914 uno
610 1858 756 1931 quadrante
767 1859 884 1929 perisset,

230 1934 303 2003 »ipse
313 1934 444 1989 videretur
452 1934 505 1987 sibi
515 1934 637 2005 nequior.
676 1932 772 1988 Omnis
781 1933 852 1986 enim
863 1949 912 1995 res,

176 2017 201 2061 95
229 2025 242 2058 u
248 2007 341 2071 virtus,
353 2006 431 2071 sama,
443 2007 534 2070 decus,
545 2008 637 2062 divina
646 2007 816 2076 humanaque
824 2005 945 2076 pulchris

229 2081 463 2150 »divitiisparent;
485 2096 553 2152 quas
563 2081 610 2151 qui
620 2081 802 2144 construxerit,
814 2080 858 2133 ille
879 2139 882 2144 ,

229 2155 334 2209 »clarus
344 2154 401 2217 erit,
409 2153 492 2218 fortis,
501 2156 597 2208 iustus.
608 2184 646 2195 -
655 2160 673 2209 1
682 2152 842 2223 Sapiensne?
854 2154 974 2218 sutiam,

464 2274 467 2281 ,
718 2235 747 2281 et
758 2245 805 2281 rex

229 2311 272 2357 »et
281 2301 414 2374 quidquid
424 2301 502 2357 volet.
542 2303 604 2366 Hoc,
617 2301 699 2356 veluti
709 2302 805 2361 virtute
813 2309 945 2371 paratum,

229 2375 637 2449 asperavitmagnaelaudifora.
676 2376 747 2440 Quid
756 2376 843 2429 similo
855 2376 899 2429 isti

175 2462 215 2505 100
230 2452 362 2505 »Graecus
372 2450 533 2520 Aristippus„
545 2451 593 2521 qui
604 2466 693 2502 servos
703 2450 827 2518 proiioere
837 2468 933 2503 aurum

229 2524 276 2577 »in
286 2524 372 2577 media
382 2524 459 2577 iussit
468 2524 563 2594 Libya,
575 2523 639 2592 quia
649 2522 749 2575 tardius
758 2523 826 2576 irent

229 2604 355 2677 »propter
363 2614 431 2655 onus
440 2596 553 2671 segnes?
572 2596 632 2651 Uter
642 2603 681 2649 est
690 2596 806 2651 insanior
814 2595 976 2651 horum?-

272 2688 393 3021 Χ
