2067 3067
209 88 260 143 296
312 147 315 152 ,
472 89 529 136 ora
565 88 688 137 ears

210 191 364 246 Parturiunt
372 198 483 256 montes,
494 197 617 244 nasoetur
625 188 755 244 ridiculus
767 207 840 244 mus.

155 274 195 321 llo
206 265 309 333 Quanto
319 267 415 320 rectius
424 265 477 330 hio,
488 266 537 337 qui
546 265 586 319 nil
598 264 707 319 molitur
717 265 815 335 inepte:

210 341 276 394 »Dio
288 341 366 406 mihi,
383 341 468 404 Musa,
480 341 581 405 virum,
597 347 685 410 captae
697 347 756 424 post
768 347 890 410 tempora
903 343 975 396 Tro

211 490 277 562 »qui
286 506 372 544 mores
381 489 523 544 hominum
533 486 679 543 multorum
689 431 757 544 vlllt
765 496 790 542 et
799 489 894 543 urbes.
903 512 918 542 «

211 565 271 621 Nou
279 562 385 620 fumum
394 582 428 618 ex
437 562 549 637 fulgore,
561 562 651 618 sodex
660 562 734 618 fumo
743 563 805 617 dare
815 562 910 618 luoem

211 642 315 713 cogitat,
328 639 484 710 utapeoiosa
497 639 595 694 dehine
602 637 730 693 miracula
739 645 850 708 promat,

156 721 196 768 115
208 713 368 786 Antiphaten
378 711 548 786 Scyllamque
559 719 655 767 etcum
665 713 778 786 Cyclope
787 712 967 786 Charybdin,

192 827 196 836 ·
211 805 260 844 neo
269 787 384 842 reditum
394 787 528 842 Diomedis
537 788 571 842 ab
582 788 689 842 interitu
698 787 830 860 Meleagri,

211 881 260 918 neo
268 864 375 936 gemino
383 861 485 917 bellum
494 862 638 917 Troianum
647 862 865 930 orditurabov03

211 955 314 1010 semper
324 937 358 992 ad
368 945 493 994 eventum
501 935 615 1002 festinat,
626 944 653 991 et
662 937 690 991 in
699 935 800 992 medias
809 954 861 1003 res,

212 1030 265 1068 non
275 1031 351 1068 secus
361 1029 391 1068 ao
400 1019 483 1078 notas,
496 1012 642 1067 auditorem
651 1012 728 1083 repit,
743 1019 769 1066 et
777 1029 846 1083 quae

157 1098 197 1142 151
209 1088 329 1159 desperat
337 1094 442 1142 tractata
454 1087 581 1142 nitesoere
590 1103 675 1158 posse,
690 1085 833 1158 relinquit,

212 1170 291 1233 atque
300 1163 335 1216 ita
345 1165 479 1227 mentitur,
491 1162 610 1216 sio'veris
624 1160 689 1215 falsa
698 1161 832 1226 remisoet,

128 1279 132 1285 .
211 1238 298 1308 primo
308 1253 342 1291 ne
350 1235 478 1301 medium,
491 1236 579 1291 medio
588 1254 622 1291 ne
631 1235 759 1307 discrepet
767 1237 864 1291 imum.

250 1311 299 1374 Tu,
312 1309 380 1381 quid
388 1327 438 1382 ego
446 1317 471 1364 51
480 1309 597 1381 populus
607 1328 712 1365 meeum
721 1311 858 1377 desideret,
871 1312 947 1369 audi.

211 1382 240 1438 Si
248 1384 380 1455 plausoris
390 1401 450 1457 eges
461 1383 551 1438 aulaea
561 1387 693 1440 manentis
702 1393 728 1449 et
738 1404 824 1458 usque

157 1470 196 1514 155
208 1459 315 1525 sessuri,
328 1458 410 1515 donec
419 1465 521 1514 cantor:
542 1460 613 1516 »Vos
622 1459 748 1531 plaudite,
755 1482 768 1514 a
777 1461 858 1528 dicat,

212 1535 303 1590 aetatis
312 1535 444 1607 cuiusque
453 1535 562 1590 notandi
571 1543 635 1589 sunt
644 1535 693 1590 tibi
703 1553 798 1600 mores,

212 1609 411 1682 mobilibusque
421 1609 506 1675 deeor,
518 1611 630 1664 maturis
639 1610 744 1666 dandus
755 1618 780 1664 et
789 1611 876 1664 annis.

212 1685 330 1754 Reddere
338 1685 387 1757 qui
397 1702 473 1740 voces
486 1685 540 1740 iam
549 1686 599 1739 soit
606 1701 673 1756 puer
681 1692 706 1738 et
715 1685 781 1756 pede
788 1693 857 1739 oerto

212 1759 235 1812 si
275 1766 300 1814 at
309 1760 434 1828 humum,
445 1761 524 1835 gestit
532 1760 641 1830 paribus
650 1759 791 1824 oolludere,
803 1766 829 1813 et
838 1761 904 1814 iram

87 1887 91 1896 ,
158 1843 197 1886 tto
211 1849 241 1888 oo
253 1833 312 1908 ligit
321 1851 351 1889 ao
360 1836 436 1906 ponit
445 1842 548 1899 temere,
561 1842 586 1889 et
595 1842 713 1889 mutatur
722 1835 750 1888 in
761 1834 849 1890 horas.
922 1896 926 1902 ¹

212 1909 342 1964 Imberbis
353 1909 467 1977 iuvenis,
478 1909 585 1964 tandem
594 1908 701 1964 custode
713 1917 819 1974 remoto,

211 1983 309 2056 gaudet
317 1985 393 2057 equis
403 1985 568 2057 canibusque
576 1991 602 2038 et
611 1985 693 2056 aprici
704 1985 826 2058 gramine
837 1986 935 2056 campi,

212 2075 302 2114 oereus
313 2059 341 2113 in
351 2057 537 2124 vitium'fleoti,
549 2059 724 2114 monitoribus
736 2077 822 2131 asper,

211 2133 320 2188 utilium
330 2133 421 2188 tardus
429 2133 557 2205 provisor,
569 2134 697 2207 prodigus
707 2135 783 2201 aeris,

159 2217 198 2262 155
212 2208 337 2262 sublimis
348 2208 520 2280 cupidusque
528 2215 553 2262 et
561 2216 648 2263 amata
657 2208 807 2281 relinquere
815 2210 918 2282 pernix.

213 2282 354 2338 Conversis
364 2283 460 2338 studiis
470 2290 541 2338 aetas
549 2284 710 2356 animusque
719 2285 806 2339 virilis

211 2359 314 2429 quaerit
322 2375 384 2430 opes
394 2366 419 2413 et
428 2359 571 2425 amioitias,
582 2359 692 2414 inservit
700 2359 804 2425 honori,

185 2437 187 2441 ’
212 2433 377 2486 commisisse
387 2430 469 2498 cavet,
481 2433 555 2505 quod
564 2451 627 2488 mox
637 2442 740 2488 mutare
749 2433 857 2489 laboret.

211 2505 294 2560 Multa
304 2523 394 2559 senem
404 2508 616 2561 circumveniunt
625 2507 800 2572 inoommoda,
813 2508 854 2562 vel
864 2507 933 2580 quod

63 2607 68 2618 ·
157 2589 197 2632 111
210 2579 321 2651 quaerit,
336 2587 361 2636 et
370 2580 485 2639 inventis
495 2580 575 2637 miser
584 2580 697 2636 obstinet
705 2597 736 2635 ao
744 2582 818 2637 timet
827 2582 876 2650 uti,
935 2600 938 2605 ’
