2067 3067
323 144 393 190 LIB.
414 144 436 191 1.
466 145 548 193 sA'r.
568 146 591 193 1.
781 148 825 197 idi

84 240 214 297 delassare
224 241 310 298 valent
320 244 441 298 Fabium.
482 248 742 314 Netemorer,audi,

85 335 139 389 quo
149 336 203 372 rem
213 318 351 373 deducam.
390 320 488 390 Siquis
498 320 572 385 deus,
585 322 643 375 »En
654 325 818 395 ego,«dicat,
858 338 882 379 15

9 458 11 469 Ι
83 393 155 447 uiam
165 393 258 447 faciam
268 393 340 465 quod
354 392 447 448 vultis:
468 394 519 448 eris
528 402 566 459 tu,
579 396 627 467 qui
637 398 715 452 modo
727 400 812 464 miles,

9 474 10 477 ’
83 476 241 525 »mercatorz
261 476 299 533 tu,
312 468 446 523 consultus
456 469 542 533 modo,
554 470 682 525 rusticus:
697 473 760 528 hino
771 494 825 538 vos,
883 510 886 513 ·

83 561 149 598 »vos
161 544 221 596 hino
231 538 337 597 mutatis
347 543 470 597 discedite
482 545 611 613 partibus.
637 546 711 612 ΙΕἰειέ

83 617 167 688 »quid
178 617 286 671 statisic
305 616 404 671 Nolint.
442 616 524 689 Atqui
535 617 759 675 licetaeseheatis.

83 691 154 757 Quid
163 708 256 746 causae
266 700 313 756 eat,
326 692 417 745 merito
425 693 491 763 quin
503 692 557 746 iilis
567 694 664 764 Iupiter
676 696 767 749 ambas
855 708 881 749 2⁰

84 766 165 820 iratus
175 767 269 821 buccas
280 765 358 831 inflet,
370 784 455 838 neque
464 783 492 820 se
501 766 556 821 iore
564 769 672 836 posthac

68 836 136 893 'tam
148 840 248 895 facilem
259 841 335 904 dicat,
348 842 415 895 votis
426 850 454 894 ut
463 842 584 911 praebeat
596 842 705 896 aurem?

6 950 9 973 s
84 915 225 980 Praeterea,
238 934 270 970 ne
280 916 327 979 sic,
339 916 424 986 utqui
435 915 568 979 iocularia,
581 916 669 970 ridens

84 1006 247 1059 percurram:
269 990 446 1063 (quamquam
456 989 584 1043 ridentem
593 990 679 1044 dicere
688 1009 780 1046 verum
845 1011 852 1018 ³

83 1063 150 1133 quid
160 1063 245 1118 vetat‘?
263 1072 292 1117 ut
302 1065 390 1134 pueris
399 1063 462 1118 oiim
473 1064 537 1119 dant
547 1065 662 1119 crustula
671 1065 762 1121 blandi
855 1079 881 1121 25

5 1152 10 1159 ·
83 1138 207 1202 doctores,
220 1137 345 1192 elementa
356 1138 437 1193 velint
447 1146 476 1193 ut
485 1139 584 1194 discere
593 1141 709 1212 prima3)

82 1212 128 1265 sed
140 1221 224 1266 tamen
235 1222 319 1269 amoto
328 1232 486 1285 quaeramus
496 1215 563 1269 seria
574 1214 645 1269 ludo.

83 1286 138 1349 Ilia,
149 1304 258 1359 gravem
268 1288 334 1342 duro
344 1296 438 1345 terram
448 1290 495 1361 qui
508 1290 582 1344 vertit
591 1297 684 1353 aratro,
765 1325 768 1329 -

82 1360 200 1416 fervidus
210 1362 254 1415 hic
262 1380 353 1435 campo
364 1363 448 1429 mileo,
462 1372 616 1436 nautaeque,
627 1382 674 1435 per
683 1381 760 1419 omne

15 1458 18 1465 ·
83 1436 194 1490 audaces
204 1455 275 1491 mare
284 1438 331 1512 qui
342 1447 459 1504 currunt,
469 1440 522 1494 hac
530 1447 616 1493 mente
626 1439 741 1493 laborem
854 1450 880 1492 tt

81 1528 138 1565 ease
148 1510 221 1576 serre,
234 1530 309 1567 senes
318 1521 348 1567 ut
358 1514 385 1569 in
395 1515 446 1568 otia
456 1521 511 1569 tuta
524 1514 653 1578 recedant,

82 1586 164 1650 aiunt,
177 1604 262 1657 quum
271 1588 323 1641 sibi
334 1588 387 1641 siut
394 1595 514 1659 congesta
527 1589 638 1641 cibaria:
659 1588 726 1640 sicut

80 1659 200 1731 parvula,
213 1679 274 1715 nam
284 1661 404 1730 exemplo
414 1668 460 1725 est,
473 1662 564 1732 magni
574 1661 680 1714 formica
690 1659 785 1713 laboris

80 1752 125 1789 ore
134 1735 212 1789 trahit
222 1735 409 1806 quodcumque
418 1741 509 1803 potest,
520 1742 599 1805 atque
608 1734 681 1787 addit
689 1751 789 1797 acervo,

81 1826 161 1880 quem
171 1810 257 1873 struit,
270 1807 343 1862 haud
351 1808 440 1879 ignara
451 1823 481 1859 ao
490 1824 543 1859 nou
554 1807 656 1860 incauta
667 1806 757 1860 futuri.
853 1816 878 1859 35

81 1884 161 1949 Quae,
173 1882 253 1937 simui
263 1883 398 1937 inversum
408 1880 541 1935 contristat
549 1880 682 1952 Aquarius
692 1898 802 1945 annum,

81 1976 133 2013 non
144 1975 259 2029 usquam
269 1956 391 2028 prorepit,
403 1963 428 2011 et
438 1955 490 2009 illis
500 1956 583 2010 utitur
592 1963 651 2009 ante

3 2044 13 2063 '
80 2034 206 2104 quaesitis
215 2033 333 2104 sapiens:
354 2038 570 2103 quumteneque
579 2030 696 2085 fervidus
705 2038 791 2096 aestus

80 2106 215 2162 demoveat
224 2108 304 2173 lucro,
317 2124 403 2179 nequo
412 2106 506 2171 hiems,
520 2106 598 2179 ignis,
614 2122 693 2169 mare,
706 2104 816 2172 ferrum,

79 2182 117 2236 nil
128 2183 210 2236 obstet
220 2183 277 2246 tibi,
289 2182 355 2235 dum
365 2199 398 2236 ne
407 2180 562 2237 sitteditior
571 2180 644 2235 alter.
850 2185 877 2230 tu

79 2256 150 2323 Quid
160 2257 242 2321 iuvat,
255 2257 416 2311 immensum
426 2264 451 2311 te
460 2256 560 2329 argenti
569 2253 672 2326 pondus
682 2260 707 2305 et
717 2253 774 2306 auri

2 2330 4 2355 ³
78 2329 170 2384 furtim
180 2331 281 2385 defossa
290 2331 415 2385 timidum
424 2330 551 2401 deponere
560 2326 646 2382 terra?

79 2410 97 2459 1
110 2404 194 2470 Quod,
207 2406 230 2458 si
240 2402 414 2470 comminuas,
426 2403 506 2459 vilem
517 2403 650 2475 redigatur
659 2400 693 2454 ad
704 2418 800 2454 assem.

78 2478 319 2551 antniidficquid
329 2480 407 2534 habet
414 2478 518 2551 pulchri
528 2474 822 2531 constructusaoervus‘?

78 2552 295 2608 Milliafrumenu
306 2563 351 2608 tua
362 2553 460 2615 triverit
470 2559 652 2614 manentum,
848 2552 875 2601 45
934 2550 938 2561 “

77 2643 130 2683 non
141 2634 203 2681 tuus
214 2628 263 2683 hoo
272 2630 355 2701 capiet
365 2635 453 2683 venter
461 2626 533 2699 plus,
545 2643 575 2681 ao
584 2641 672 2679 meua:
692 2631 723 2679 ut
731 2624 755 2678 ai

116 2736 242 2775 romnus.
658 2725 681 2773 L
