2067 3067
391 121 549 168 LIBER.
795 121 843 174 ⁴47

96 222 177 280 simul
188 221 295 277 calentis
304 221 497 277 inverecundus
506 222 572 277 deus

134 297 273 352 fervidiore
282 315 353 352 mero
363 314 455 351 arcana
464 305 596 368 promorat
605 297 673 353 loco.

96 373 191 440 »Quod
200 373 223 425 si
233 373 299 426 meis
310 373 435 426 inaestuet
444 373 603 442 praecordiis
871 388 896 430 15

134 448 234 501 »libera
245 447 316 511 bilis,
327 453 358 500 ut
367 447 432 500 baeu
439 448 542 519 ingrata
552 449 636 501 ventis
647 447 747 502 dividat

96 521 236 586 »fomenta
249 521 348 576 vulnus
358 521 396 575 nil
407 520 507 575 malum
519 521 640 586 levantia,

133 597 252 650 »desinet
261 597 407 666 imparibus
416 604 513 650 certare
523 605 672 650 summotus
680 598 794 668 pudone

97 671 148 726 Ubi
157 671 220 724 baec
229 687 337 724 severus
347 678 371 724 le
380 671 468 741 palam
477 670 658 735 laudaveram

135 747 224 799 iussus
234 746 305 798 abire
315 745 433 811 domum,
445 745 546 799 ferebar
556 747 652 799 incerto
661 745 727 815 pede
869 757 895 800 2⁰

97 820 131 874 ad
141 837 194 873 non
204 821 310 884 amieos,
323 820 388 872 beu!
409 820 477 873 mibi
487 827 582 889 postes,
594 828 626 883 et,
639 820 705 873 heu!

134 893 225 947 limina
236 894 310 957 dura,
323 894 423 964 quibus
433 893 538 946 lumbos
548 901 572 946 et
581 893 675 965 infregi
685 893 763 949 latus

66 1018 70 1031 ,
99 969 184 1033 Nunc,
196 968 331 1040 gloriantis
343 967 490 1039 quamlibet
498 967 682 1022 mulierculam

133 1042 238 1096 vincere
247 1041 365 1106 mollitia,
378 1059 451 1096 amor
459 1043 563 1114 Lycisci
574 1060 616 1095 me
625 1049 705 1111 tenet3

97 1117 168 1170 unde
177 1117 298 1188 expedire
308 1135 361 1170 non
371 1118 516 1170 amicorum
527 1124 625 1188 queant

134 1191 215 1245 libera
224 1191 332 1244 consilia
342 1209 390 1245 nec
399 1191 571 1246 contumeliae
579 1209 682 1264 graves,

95 1266 143 1320 sed
152 1265 219 1319 alius
230 1265 305 1319 ardor
314 1273 359 1320 aut
368 1266 470 1335 puellae
481 1266 607 1320 candidae

133 1348 179 1394 aut
187 1341 272 1394 teretis
281 1341 356 1411 pueri
367 1340 471 1414 longam
482 1341 631 1395 renodantis
641 1358 753 1396 comam.

276 1604 302 1658 E
320 1604 347 1658 P
365 1603 390 1659 0
408 1603 438 1658 Ι)
458 1605 482 1659 0
501 1604 522 1659 S
569 1604 657 1659 XII.

206 1722 249 1766 ru
277 1721 390 1765 amun
416 1719 703 1764 rimoruosun.

94 1925 212 1962 Ducuntur
220 1926 307 1962 vetulum
317 1922 435 1960 ambientem
447 1935 533 1959 amorem
546 1934 615 1966 suum,
630 1922 711 1972 eiusque
723 1923 838 1962 foeditatem

269 1995 288 2025 et
297 1987 404 2025 libidinem
413 1985 510 2035 depingit·
535 1987 596 2024 Men.
608 1986 664 2022 VIII.

96 2077 175 2153 Quid
184 2087 232 2141 tibi
243 2087 294 2150 vis,
306 2085 410 2150 mulier,
422 2085 506 2158 nigris
516 2084 673 2158 dignissima
686 2084 797 2138 barris‘l

131 2180 242 2216 munera
251 2179 299 2214 cur
308 2161 384 2226 mihi,
397 2161 496 2231 quidve
505 2159 613 2214 tabellas

95 2237 187 2300 mittis,
200 2253 247 2289 nec
257 2236 333 2289 firmo
343 2235 442 2300 iuveni,
455 2253 540 2307 neque
551 2235 621 2288 naris
631 2232 740 2288 obesae?

131 2313 254 2382 Namque
262 2310 382 2381 sagacius
392 2328 462 2365 unus
471 2310 573 2373 odoror,

94 2385 213 2459 polypus
223 2403 256 2439 an
266 2385 356 2457 mavis
365 2385 474 2438 hirsutis
483 2384 560 2438 cubet
570 2383 659 2436 hircus
670 2381 697 2435 in
708 2380 765 2445 alis,
880 2393 893 2435 5

131 2477 212 2531 quam
222 2460 295 2513 canis
305 2477 372 2524 acer,
385 2459 432 2512 ubi
442 2459 518 2512 lateat
527 2475 583 2513 sus.

93 2534 146 2602 Qui
156 2535 237 2589 sudor
247 2533 323 2587 vietis
332 2541 357 2588 et
366 2551 447 2605 quam
457 2532 543 2586 malus
554 2531 673 2602 undique
682 2531 809 2586 membris

130 2610 222 2663 crescit
231 2608 303 2673 odor,
315 2626 401 2680 quum
410 2625 477 2679 pene
488 2606 573 2661 soluto

674 2694 728 2752 Ka
