<?xml version="1.0" encoding="UTF-8"?>
<!DOCTYPE html PUBLIC "-//W3C//DTD XHTML 1.0 Transitional//EN"
    "http://www.w3.org/TR/xhtml1/DTD/xhtml1-transitional.dtd">
<html xmlns="http://www.w3.org/1999/xhtml" xml:lang="en" lang="en">
 <head>
  <title>
</title>
<meta http-equiv="Content-Type" content="text/html;charset=utf-8" />
  <meta name='ocr-system' content='tesseract 3.04.00' />
  <meta name='ocr-capabilities' content='ocr_page ocr_carea ocr_par ocr_line ocrx_word'/>
</head>
<body>
  <div class='ocr_page' id='page_1' title='image "./qhoratiiflaccio01weisgoog_0294.png"; bbox 0 0 2067 3067; ppageno 0'>
   <div class='ocr_carea' id='block_1_1' title="bbox 301 94 831 146">
    <p class='ocr_par' dir='ltr' id='par_1_1' title="bbox 301 94 831 146">
     <span class='ocr_line' id='line_1_1' title="bbox 301 94 831 146; baseline 0.002 -4"><span class='ocrx_word' id='word_1_1' title='bbox 301 98 371 144; x_wconf 87' lang='lat' dir='ltr'>LIB.</span> <span class='ocrx_word' id='word_1_2' title='bbox 392 97 426 142; x_wconf 90' lang='lat'>11.</span> <span class='ocrx_word' id='word_1_3' title='bbox 458 99 582 144; x_wconf 77' lang='lat' dir='ltr'>EPIsT.</span> <span class='ocrx_word' id='word_1_4' title='bbox 601 100 625 144; x_wconf 90' lang='lat'>1.</span> <span class='ocrx_word' id='word_1_5' title='bbox 785 94 831 146; x_wconf 77' lang='lat' dir='ltr'>28l</span> 
     </span>
    </p>
   </div>
   <div class='ocr_carea' id='block_1_2' title="bbox 86 195 893 1539">
    <p class='ocr_par' dir='ltr' id='par_1_2' title="bbox 86 195 640 267">
     <span class='ocr_line' id='line_1_2' title="bbox 86 195 640 267; baseline -0.002 -16"><span class='ocrx_word' id='word_1_6' title='bbox 86 197 229 267; x_wconf 79' lang='lat' dir='ltr'>scriptores</span> <span class='ocrx_word' id='word_1_7' title='bbox 238 203 325 250; x_wconf 89' lang='lat' dir='ltr'>autem</span> <span class='ocrx_word' id='word_1_8' title='bbox 334 214 439 250; x_wconf 87' lang='lat' dir='ltr'>narrare</span> <span class='ocrx_word' id='word_1_9' title='bbox 449 204 552 266; x_wconf 87' lang='lat' dir='ltr'>putaret</span> <span class='ocrx_word' id='word_1_10' title='bbox 560 195 640 250; x_wconf 86' lang='lat' dir='ltr'>asello</span> 
     </span>
    </p>

    <p class='ocr_par' dir='ltr' id='par_1_3' title="bbox 86 269 892 346">
     <span class='ocr_line' id='line_1_3' title="bbox 86 269 892 346; baseline -0.002 -20"><span class='ocrx_word' id='word_1_11' title='bbox 86 271 215 326; x_wconf 85' lang='lat' dir='ltr'>fabellam</span> <span class='ocrx_word' id='word_1_12' title='bbox 225 270 316 326; x_wconf 89' lang='lat' dir='ltr'>surdo.</span> <span class='ocrx_word' id='word_1_13' title='bbox 354 273 499 346; x_wconf 78' lang='lat' dir='ltr'>Namquae</span> <span class='ocrx_word' id='word_1_14' title='bbox 512 269 749 325; x_wconf 79' lang='lat' dir='ltr'>vervinoerevoeos</span> <span class='ocrx_word' id='word_1_15' title='bbox 852 280 892 324; x_wconf 74' lang='grc'>222</span> 
     </span>
    </p>

    <p class='ocr_par' dir='ltr' id='par_1_4' title="bbox 87 343 763 417">
     <span class='ocr_line' id='line_1_4' title="bbox 87 343 763 417; baseline -0.004 -16"><span class='ocrx_word' id='word_1_16' title='bbox 87 345 213 401; x_wconf 87' lang='lat' dir='ltr'>evaluere</span> <span class='ocrx_word' id='word_1_17' title='bbox 221 361 326 410; x_wconf 90' lang='lat' dir='ltr'>sonum,</span> <span class='ocrx_word' id='word_1_18' title='bbox 338 343 453 400; x_wconf 81' lang='lat' dir='ltr'>referunt</span> <span class='ocrx_word' id='word_1_19' title='bbox 461 363 542 417; x_wconf 87' lang='lat' dir='ltr'>quem</span> <span class='ocrx_word' id='word_1_20' title='bbox 552 351 639 399; x_wconf 87' lang='lat' dir='ltr'>nostra</span> <span class='ocrx_word' id='word_1_21' title='bbox 648 345 763 400; x_wconf 77' lang='lat' dir='ltr'>theatra?</span> 
     </span>
    </p>

    <p class='ocr_par' dir='ltr' id='par_1_5' title="bbox 90 418 834 494">
     <span class='ocr_line' id='line_1_5' title="bbox 90 418 834 494; baseline 0 -18"><span class='ocrx_word' id='word_1_22' title='bbox 90 421 248 494; x_wconf 81' lang='lat' dir='ltr'>Garganum</span> <span class='ocrx_word' id='word_1_23' title='bbox 258 418 363 493; x_wconf 81' lang='lat' dir='ltr'>mugire</span> <span class='ocrx_word' id='word_1_24' title='bbox 376 427 452 491; x_wconf 89' lang='lat' dir='ltr'>putes</span> <span class='ocrx_word' id='word_1_25' title='bbox 463 437 558 474; x_wconf 89' lang='lat' dir='ltr'>nemus</span> <span class='ocrx_word' id='word_1_26' title='bbox 568 426 614 472; x_wconf 88' lang='lat' dir='ltr'>aut</span> <span class='ocrx_word' id='word_1_27' title='bbox 622 436 695 474; x_wconf 87' lang='lat' dir='ltr'>mare</span> <span class='ocrx_word' id='word_1_28' title='bbox 703 421 834 492; x_wconf 76' lang='lat' dir='ltr'>Tuscum3</span> 
     </span>
    </p>

    <p class='ocr_par' dir='ltr' id='par_1_6' title="bbox 90 493 699 566">
     <span class='ocr_line' id='line_1_6' title="bbox 90 493 699 566; baseline -0.003 -16"><span class='ocrx_word' id='word_1_29' title='bbox 90 504 165 550; x_wconf 84' lang='lat' dir='ltr'>tanto</span> <span class='ocrx_word' id='word_1_30' title='bbox 174 513 236 550; x_wconf 87' lang='lat' dir='ltr'>oum</span> <span class='ocrx_word' id='word_1_31' title='bbox 246 495 355 566; x_wconf 89' lang='lat' dir='ltr'>strepitu</span> <span class='ocrx_word' id='word_1_32' title='bbox 365 493 422 548; x_wconf 90' lang='lat' dir='ltr'>ludi</span> <span class='ocrx_word' id='word_1_33' title='bbox 435 501 585 565; x_wconf 77' lang='lat' dir='ltr'><strong>spectantur</strong></span> <span class='ocrx_word' id='word_1_34' title='bbox 597 500 623 548; x_wconf 88' lang='lat' dir='ltr'>et</span> <span class='ocrx_word' id='word_1_35' title='bbox 631 501 699 548; x_wconf 80' lang='lat' dir='ltr'>artes</span> 
     </span>
    </p>

    <p class='ocr_par' dir='ltr' id='par_1_7' title="bbox 89 567 720 642">
     <span class='ocr_line' id='line_1_7' title="bbox 89 567 720 642; baseline -0.003 -18"><span class='ocrx_word' id='word_1_36' title='bbox 89 571 253 642; x_wconf 87' lang='lat' dir='ltr'>divitiaeque</span> <span class='ocrx_word' id='word_1_37' title='bbox 262 568 424 642; x_wconf 77' lang='lat' dir='ltr'>peregrinae,</span> <span class='ocrx_word' id='word_1_38' title='bbox 433 569 534 641; x_wconf 87' lang='lat' dir='ltr'>quibus</span> <span class='ocrx_word' id='word_1_39' title='bbox 544 567 642 623; x_wconf 86' lang='lat' dir='ltr'>oblitus</span> <span class='ocrx_word' id='word_1_40' title='bbox 650 577 720 623; x_wconf 84' lang='lat' dir='ltr'>actor</span> 
     </span>
    </p>

    <p class='ocr_par' dir='ltr' id='par_1_8' title="bbox 90 643 892 717">
     <span class='ocr_line' id='line_1_8' title="bbox 90 643 892 717; baseline -0.004 -17"><span class='ocrx_word' id='word_1_41' title='bbox 90 663 179 717; x_wconf 88' lang='lat' dir='ltr'>quum</span> <span class='ocrx_word' id='word_1_42' title='bbox 189 645 259 700; x_wconf 85' lang='lat' dir='ltr'>stetit</span> <span class='ocrx_word' id='word_1_43' title='bbox 268 645 297 700; x_wconf 91' lang='lat' dir='ltr'>in</span> <span class='ocrx_word' id='word_1_44' title='bbox 307 655 395 706; x_wconf 80' lang='lat' dir='ltr'>scena,¹</span> <span class='ocrx_word' id='word_1_45' title='bbox 405 643 537 698; x_wconf 87' lang='lat' dir='ltr'>oonourrit</span> <span class='ocrx_word' id='word_1_46' title='bbox 546 643 652 698; x_wconf 84' lang='lat' dir='ltr'>dextera</span> <span class='ocrx_word' id='word_1_47' title='bbox 662 643 760 700; x_wconf 85' lang='lat' dir='ltr'>laevae.</span> <span class='ocrx_word' id='word_1_48' title='bbox 853 655 892 698; x_wconf 80' lang='lat'>205</span> 
     </span>
    </p>

    <p class='ocr_par' dir='ltr' id='par_1_9' title="bbox 90 717 840 865">
     <span class='ocr_line' id='line_1_9' title="bbox 90 717 840 846; baseline -0.001 -72"><span class='ocrx_word' id='word_1_49' title='bbox 90 722 164 775; x_wconf 86' lang='lat' dir='ltr'><strong>Dixit</strong></span> <span class='ocrx_word' id='word_1_50' title='bbox 190 720 277 775; x_wconf 87' lang='lat' dir='ltr'>adhue</span> <span class='ocrx_word' id='word_1_51' title='bbox 299 717 420 792; x_wconf 75' lang='lat' dir='ltr'>aliquid?</span> <span class='ocrx_word' id='word_1_52' title='bbox 450 718 513 774; x_wconf 74' lang='lat' dir='ltr'>»Nil</span> <span class='ocrx_word' id='word_1_53' title='bbox 535 735 629 772; x_wconf 73' lang='lat' dir='ltr'>sane«</span> <span class='ocrx_word' id='word_1_54' title='bbox 651 718 739 846; x_wconf 54' lang='lat' dir='ltr'>‘ioum</span> <span class='ocrx_word' id='word_1_55' title='bbox 755 718 840 790; x_wconf 86' lang='lat' dir='ltr'>plaoet</span> 
     </span>
     <span class='ocr_line' id='line_1_10' title="bbox 586 809 648 865; baseline 0 -19"><span class='ocrx_word' id='word_1_56' title='bbox 586 809 648 865; x_wconf 82' lang='lat' dir='ltr'>ergo</span> 
     </span>
    </p>

    <p class='ocr_par' dir='ltr' id='par_1_10' title="bbox 91 866 677 937">
     <span class='ocr_line' id='line_1_11' title="bbox 91 866 677 937; baseline 0 -16"><span class='ocrx_word' id='word_1_57' title='bbox 91 889 104 921; x_wconf 71' lang='lat' dir='ltr'>i&gt;</span> <span class='ocrx_word' id='word_1_58' title='bbox 111 871 184 923; x_wconf 88' lang='lat' dir='ltr'>Lana</span> <span class='ocrx_word' id='word_1_59' title='bbox 193 868 333 922; x_wconf 86' lang='lat' dir='ltr'>Tarentino</span> <span class='ocrx_word' id='word_1_60' title='bbox 342 866 424 923; x_wconf 73' lang='lat' dir='ltr'>violas</span> <span class='ocrx_word' id='word_1_61' title='bbox 435 866 536 922; x_wconf 87' lang='lat' dir='ltr'>imitata</span> <span class='ocrx_word' id='word_1_62' title='bbox 545 883 677 937; x_wconf 75' lang='lat' dir='ltr'>veneno«</span> 
     </span>
    </p>

    <p class='ocr_par' dir='ltr' id='par_1_11' title="bbox 91 940 785 1015">
     <span class='ocr_line' id='line_1_12' title="bbox 91 940 785 1015; baseline 0 -17"><span class='ocrx_word' id='word_1_63' title='bbox 91 943 131 998; x_wconf 82' lang='lat' dir='ltr'>Ao</span> <span class='ocrx_word' id='word_1_64' title='bbox 140 961 174 996; x_wconf 87' lang='lat' dir='ltr'>ne</span> <span class='ocrx_word' id='word_1_65' title='bbox 183 941 248 996; x_wconf 80' lang='lat' dir='ltr'>sorte</span> <span class='ocrx_word' id='word_1_66' title='bbox 259 949 343 1015; x_wconf 85' lang='lat' dir='ltr'>putes,</span> <span class='ocrx_word' id='word_1_67' title='bbox 358 959 410 1006; x_wconf 86' lang='lat' dir='ltr'>me,</span> <span class='ocrx_word' id='word_1_68' title='bbox 422 959 491 1013; x_wconf 85' lang='lat' dir='ltr'>quae</span> <span class='ocrx_word' id='word_1_69' title='bbox 499 940 583 996; x_wconf 78' lang='lat' dir='ltr'>faeere</span> <span class='ocrx_word' id='word_1_70' title='bbox 593 942 649 1013; x_wconf 84' lang='lat' dir='ltr'>ipse</span> <span class='ocrx_word' id='word_1_71' title='bbox 658 960 785 1008; x_wconf 78' lang='lat' dir='ltr'><strong>recusem,</strong></span> 
     </span>
    </p>

    <p class='ocr_par' dir='ltr' id='par_1_12' title="bbox 91 1015 782 1090">
     <span class='ocr_line' id='line_1_13' title="bbox 91 1015 782 1090; baseline 0 -18"><span class='ocrx_word' id='word_1_72' title='bbox 91 1035 179 1089; x_wconf 90' lang='lat' dir='ltr'>quum</span> <span class='ocrx_word' id='word_1_73' title='bbox 189 1024 257 1074; x_wconf 86' lang='lat' dir='ltr'>reete</span> <span class='ocrx_word' id='word_1_74' title='bbox 266 1023 374 1071; x_wconf 61' lang='lat' dir='ltr'>tradent</span> <span class='ocrx_word' id='word_1_75' title='bbox 383 1015 438 1080; x_wconf 89' lang='lat' dir='ltr'>alii,</span> <span class='ocrx_word' id='word_1_76' title='bbox 454 1015 562 1070; x_wconf 88' lang='lat' dir='ltr'>laudare</span> <span class='ocrx_word' id='word_1_77' title='bbox 571 1016 701 1090; x_wconf 73' lang='lat' dir='ltr'>maligne,</span> <span class='ocrx_word' id='word_1_78' title='bbox 773 1047 782 1063; x_wconf 90' lang='lat'><strong>·</strong></span> 
     </span>
    </p>

    <p class='ocr_par' dir='ltr' id='par_1_13' title="bbox 91 1090 893 1164">
     <span class='ocr_line' id='line_1_14' title="bbox 91 1090 893 1164; baseline 0 -19"><span class='ocrx_word' id='word_1_79' title='bbox 91 1093 138 1146; x_wconf 90' lang='lat' dir='ltr'>ille</span> <span class='ocrx_word' id='word_1_80' title='bbox 146 1109 193 1164; x_wconf 91' lang='lat' dir='ltr'>per</span> <span class='ocrx_word' id='word_1_81' title='bbox 203 1097 338 1147; x_wconf 83' lang='lat' dir='ltr'>extentum</span> <span class='ocrx_word' id='word_1_82' title='bbox 347 1090 439 1146; x_wconf 88' lang='lat' dir='ltr'>funem</span> <span class='ocrx_word' id='word_1_83' title='bbox 450 1090 518 1163; x_wconf 87' lang='lat' dir='ltr'>mihi</span> <span class='ocrx_word' id='word_1_84' title='bbox 527 1107 605 1163; x_wconf 86' lang='lat' dir='ltr'>posse</span> <span class='ocrx_word' id='word_1_85' title='bbox 614 1091 718 1147; x_wconf 88' lang='lat' dir='ltr'>videtur</span> <span class='ocrx_word' id='word_1_86' title='bbox 852 1102 893 1146; x_wconf 80' lang='lat'>21⁰</span> 
     </span>
    </p>

    <p class='ocr_par' dir='ltr' id='par_1_14' title="bbox 91 1166 694 1240">
     <span class='ocr_line' id='line_1_15' title="bbox 91 1166 694 1240; baseline -0.002 -19"><span class='ocrx_word' id='word_1_87' title='bbox 91 1169 130 1222; x_wconf 89' lang='lat' dir='ltr'>ire</span> <span class='ocrx_word' id='word_1_88' title='bbox 139 1173 222 1239; x_wconf 87' lang='lat' dir='ltr'>poeta,</span> <span class='ocrx_word' id='word_1_89' title='bbox 234 1183 323 1221; x_wconf 90' lang='lat' dir='ltr'>meum</span> <span class='ocrx_word' id='word_1_90' title='bbox 333 1167 380 1239; x_wconf 84' lang='lat' dir='ltr'>qui</span> <span class='ocrx_word' id='word_1_91' title='bbox 390 1173 481 1238; x_wconf 86' lang='lat' dir='ltr'>peetus</span> <span class='ocrx_word' id='word_1_92' title='bbox 490 1166 604 1222; x_wconf 82' lang='lat' dir='ltr'>inaniter</span> <span class='ocrx_word' id='word_1_93' title='bbox 613 1167 694 1240; x_wconf 82' lang='lat' dir='ltr'>angit,</span> 
     </span>
    </p>

    <p class='ocr_par' dir='ltr' id='par_1_15' title="bbox 91 1235 735 1313">
     <span class='ocr_line' id='line_1_16' title="bbox 91 1235 735 1313; baseline -0.003 -16"><span class='ocrx_word' id='word_1_94' title='bbox 91 1243 184 1308; x_wconf 88' lang='lat' dir='ltr'>irritat,</span> <span class='ocrx_word' id='word_1_95' title='bbox 195 1241 301 1307; x_wconf 78' lang='lat' dir='ltr'>mulcet,</span> <span class='ocrx_word' id='word_1_96' title='bbox 312 1241 386 1298; x_wconf 81' lang='lat' dir='ltr'>falsis</span> <span class='ocrx_word' id='word_1_97' title='bbox 397 1241 540 1296; x_wconf 88' lang='lat' dir='ltr'>terroribus</span> <span class='ocrx_word' id='word_1_98' title='bbox 552 1240 653 1313; x_wconf 85' lang='lat' dir='ltr'>implet,</span> <span class='ocrx_word' id='word_1_99' title='bbox 730 1235 735 1246; x_wconf 66' lang='lat'>⁸</span> 
     </span>
    </p>

    <p class='ocr_par' dir='ltr' id='par_1_16' title="bbox 91 1315 830 1391">
     <span class='ocr_line' id='line_1_17' title="bbox 91 1315 830 1391; baseline -0.003 -19"><span class='ocrx_word' id='word_1_100' title='bbox 91 1326 122 1372; x_wconf 90' lang='lat' dir='ltr'>ut</span> <span class='ocrx_word' id='word_1_101' title='bbox 131 1335 234 1391; x_wconf 81' lang='lat' dir='ltr'>magus,</span> <span class='ocrx_word' id='word_1_102' title='bbox 244 1325 271 1372; x_wconf 90' lang='lat' dir='ltr'>et</span> <span class='ocrx_word' id='word_1_103' title='bbox 280 1317 357 1373; x_wconf 92' lang='lat' dir='ltr'>modo</span> <span class='ocrx_word' id='word_1_104' title='bbox 368 1334 411 1372; x_wconf 92' lang='lat' dir='ltr'>me</span> <span class='ocrx_word' id='word_1_105' title='bbox 420 1316 527 1383; x_wconf 86' lang='lat' dir='ltr'>Thebis,</span> <span class='ocrx_word' id='word_1_106' title='bbox 539 1316 618 1372; x_wconf 89' lang='lat' dir='ltr'>modo</span> <span class='ocrx_word' id='word_1_107' title='bbox 626 1317 701 1389; x_wconf 89' lang='lat' dir='ltr'>ponit</span> <span class='ocrx_word' id='word_1_108' title='bbox 709 1315 830 1372; x_wconf 77' lang='lat' dir='ltr'>Athenis.</span> 
     </span>
    </p>

    <p class='ocr_par' dir='ltr' id='par_1_17' title="bbox 92 1391 790 1466">
     <span class='ocr_line' id='line_1_18' title="bbox 92 1391 790 1466; baseline -0.003 -18"><span class='ocrx_word' id='word_1_109' title='bbox 92 1393 191 1448; x_wconf 88' lang='lat' dir='ltr'>Verum</span> <span class='ocrx_word' id='word_1_110' title='bbox 204 1411 261 1466; x_wconf 80' lang='lat' dir='ltr'>age,</span> <span class='ocrx_word' id='word_1_111' title='bbox 273 1394 359 1460; x_wconf 86' lang='lat' dir='ltr'>ethis,</span> <span class='ocrx_word' id='word_1_112' title='bbox 371 1393 419 1466; x_wconf 93' lang='lat' dir='ltr'>qui</span> <span class='ocrx_word' id='word_1_113' title='bbox 429 1411 458 1447; x_wconf 87' lang='lat' dir='ltr'>se</span> <span class='ocrx_word' id='word_1_114' title='bbox 468 1392 555 1448; x_wconf 88' lang='lat' dir='ltr'>lectori</span> <span class='ocrx_word' id='word_1_115' title='bbox 566 1391 669 1448; x_wconf 83' lang='lat' dir='ltr'>credere</span> <span class='ocrx_word' id='word_1_116' title='bbox 678 1392 790 1457; x_wconf 89' lang='lat' dir='ltr'>malunt,</span> 
     </span>
    </p>

    <p class='ocr_par' dir='ltr' id='par_1_18' title="bbox 92 1466 891 1539">
     <span class='ocr_line' id='line_1_19' title="bbox 92 1466 891 1539; baseline -0.003 -19"><span class='ocrx_word' id='word_1_117' title='bbox 92 1485 174 1539; x_wconf 89' lang='lat' dir='ltr'>quam</span> <span class='ocrx_word' id='word_1_118' title='bbox 182 1469 331 1539; x_wconf 79' lang='lat' dir='ltr'>spectatoris</span> <span class='ocrx_word' id='word_1_119' title='bbox 339 1467 444 1521; x_wconf 85' lang='lat' dir='ltr'>fastidia</span> <span class='ocrx_word' id='word_1_120' title='bbox 453 1466 520 1522; x_wconf 81' lang='lat' dir='ltr'>ferre</span> <span class='ocrx_word' id='word_1_121' title='bbox 529 1467 646 1538; x_wconf 88' lang='lat' dir='ltr'>superbi,</span> <span class='ocrx_word' id='word_1_122' title='bbox 702 1502 706 1509; x_wconf 85' lang='lat'>·</span> <span class='ocrx_word' id='word_1_123' title='bbox 852 1475 891 1518; x_wconf 84' lang='grc'>215</span> 
     </span>
    </p>
   </div>
   <div class='ocr_carea' id='block_1_3' title="bbox 9 1540 794 1758">
    <p class='ocr_par' dir='ltr' id='par_1_19' title="bbox 9 1540 794 1758">
     <span class='ocr_line' id='line_1_20' title="bbox 9 1540 794 1613; baseline 0.005 -23"><span class='ocrx_word' id='word_1_124' title='bbox 9 1557 25 1590; x_wconf 65' lang='lat' dir='ltr'>L*</span> <span class='ocrx_word' id='word_1_125' title='bbox 92 1558 183 1598; x_wconf 86' lang='lat' dir='ltr'>curam</span> <span class='ocrx_word' id='word_1_126' title='bbox 190 1541 396 1605; x_wconf 82' lang='lat' dir='ltr'>reddebrevem,</span> <span class='ocrx_word' id='word_1_127' title='bbox 408 1541 432 1593; x_wconf 89' lang='lat' dir='ltr'>si</span> <span class='ocrx_word' id='word_1_128' title='bbox 441 1558 541 1595; x_wconf 88' lang='lat' dir='ltr'>munus</span> <span class='ocrx_word' id='word_1_129' title='bbox 551 1540 672 1611; x_wconf 81' lang='lat' dir='ltr'>Apolline</span> <span class='ocrx_word' id='word_1_130' title='bbox 682 1540 794 1613; x_wconf 82' lang='lat' dir='ltr'>dignum</span> 
     </span>
     <span class='ocr_line' id='line_1_21' title="bbox 9 1613 725 1686; baseline 0.001 -18"><span class='ocrx_word' id='word_1_131' title='bbox 9 1631 11 1686; x_wconf 58' lang='lat' dir='ltr'><strong>j</strong></span> <span class='ocrx_word' id='word_1_132' title='bbox 93 1616 135 1670; x_wconf 87' lang='lat' dir='ltr'>vis</span> <span class='ocrx_word' id='word_1_133' title='bbox 145 1613 274 1684; x_wconf 83' lang='lat' dir='ltr'>complere</span> <span class='ocrx_word' id='word_1_134' title='bbox 284 1613 368 1678; x_wconf 86' lang='lat' dir='ltr'>libris,</span> <span class='ocrx_word' id='word_1_135' title='bbox 381 1614 518 1668; x_wconf 81' lang='lat' dir='ltr'>stratibus</span> <span class='ocrx_word' id='word_1_136' title='bbox 528 1613 624 1669; x_wconf 80' lang='lat' dir='ltr'>addere</span> <span class='ocrx_word' id='word_1_137' title='bbox 632 1614 725 1680; x_wconf 84' lang='lat' dir='ltr'>calcar,</span> 
     </span>
     <span class='ocr_line' id='line_1_22' title="bbox 9 1687 709 1758; baseline 0.003 -15"><span class='ocrx_word' id='word_1_138' title='bbox 9 1699 11 1750; x_wconf 58' lang='lat' dir='ltr'>fi</span> <span class='ocrx_word' id='word_1_139' title='bbox 93 1697 123 1744; x_wconf 87' lang='lat' dir='ltr'>ut</span> <span class='ocrx_word' id='word_1_140' title='bbox 134 1688 222 1743; x_wconf 85' lang='lat' dir='ltr'>studio</span> <span class='ocrx_word' id='word_1_141' title='bbox 232 1688 329 1742; x_wconf 87' lang='lat' dir='ltr'>maiore</span> <span class='ocrx_word' id='word_1_142' title='bbox 337 1695 427 1758; x_wconf 89' lang='lat' dir='ltr'>petant</span> <span class='ocrx_word' id='word_1_143' title='bbox 437 1687 561 1744; x_wconf 85' lang='lat' dir='ltr'>Helicona</span> <span class='ocrx_word' id='word_1_144' title='bbox 570 1689 709 1744; x_wconf 84' lang='lat' dir='ltr'>virentem.</span> 
     </span>
    </p>
   </div>
   <div class='ocr_carea' id='block_1_4' title="bbox 10 1760 890 2212">
    <p class='ocr_par' dir='ltr' id='par_1_20' title="bbox 93 1760 824 1836">
     <span class='ocr_line' id='line_1_23' title="bbox 93 1760 824 1836; baseline -0.004 -15"><span class='ocrx_word' id='word_1_145' title='bbox 93 1764 175 1821; x_wconf 89' lang='lat' dir='ltr'>Multa</span> <span class='ocrx_word' id='word_1_146' title='bbox 185 1762 380 1836; x_wconf 88' lang='lat' dir='ltr'>quidemnobis</span> <span class='ocrx_word' id='word_1_147' title='bbox 391 1760 503 1817; x_wconf 76' lang='lat' dir='ltr'>facimus</span> <span class='ocrx_word' id='word_1_148' title='bbox 513 1762 584 1817; x_wconf 89' lang='lat' dir='ltr'>mala</span> <span class='ocrx_word' id='word_1_149' title='bbox 591 1780 669 1834; x_wconf 82' lang='lat' dir='ltr'>saepe</span> <span class='ocrx_word' id='word_1_150' title='bbox 677 1772 774 1834; x_wconf 89' lang='lat' dir='ltr'>poetae,</span> <span class='ocrx_word' id='word_1_151' title='bbox 786 1797 824 1806; x_wconf 93' lang='lat'><em>-</em></span> 
     </span>
    </p>

    <p class='ocr_par' dir='ltr' id='par_1_21' title="bbox 94 1835 890 2061">
     <span class='ocr_line' id='line_1_24' title="bbox 94 1835 890 1912; baseline -0.001 -18"><span class='ocrx_word' id='word_1_152' title='bbox 94 1846 123 1894; x_wconf 90' lang='lat' dir='ltr'>ut</span> <span class='ocrx_word' id='word_1_153' title='bbox 132 1839 218 1895; x_wconf 90' lang='lat' dir='ltr'>vineta</span> <span class='ocrx_word' id='word_1_154' title='bbox 228 1845 331 1912; x_wconf 83' lang='lat' dir='ltr'>egomet</span> <span class='ocrx_word' id='word_1_155' title='bbox 340 1835 446 1891; x_wconf 82' lang='lat' dir='ltr'>caedam</span> <span class='ocrx_word' id='word_1_156' title='bbox 456 1853 657 1909; x_wconf 89' lang='lat' dir='ltr'>mea-quum</span> <span class='ocrx_word' id='word_1_157' title='bbox 666 1839 716 1892; x_wconf 89' lang='lat' dir='ltr'>tibi</span> <span class='ocrx_word' id='word_1_158' title='bbox 725 1838 824 1894; x_wconf 89' lang='lat' dir='ltr'>librum</span> <span class='ocrx_word' id='word_1_159' title='bbox 850 1851 890 1893; x_wconf 80' lang='lat'>22⁰</span> 
     </span>
     <span class='ocr_line' id='line_1_25' title="bbox 94 1910 807 1985; baseline -0.003 -15"><span class='ocrx_word' id='word_1_160' title='bbox 94 1913 202 1970; x_wconf 84' lang='lat' dir='ltr'>sollicito</span> <span class='ocrx_word' id='word_1_161' title='bbox 211 1913 306 1983; x_wconf 83' lang='lat' dir='ltr'>damus</span> <span class='ocrx_word' id='word_1_162' title='bbox 316 1919 362 1967; x_wconf 91' lang='lat' dir='ltr'>aut</span> <span class='ocrx_word' id='word_1_163' title='bbox 370 1910 451 1978; x_wconf 83' lang='lat' dir='ltr'>fesso;</span> <span class='ocrx_word' id='word_1_164' title='bbox 473 1928 558 1983; x_wconf 88' lang='lat' dir='ltr'>quum</span> <span class='ocrx_word' id='word_1_165' title='bbox 568 1911 707 1985; x_wconf 82' lang='lat' dir='ltr'>laedimur,</span> <span class='ocrx_word' id='word_1_166' title='bbox 721 1931 807 1971; x_wconf 89' lang='lat' dir='ltr'>unum</span> 
     </span>
     <span class='ocr_line' id='line_1_26' title="bbox 94 1986 777 2061; baseline 0.001 -18"><span class='ocrx_word' id='word_1_167' title='bbox 94 1989 187 2061; x_wconf 86' lang='lat' dir='ltr'>siquis</span> <span class='ocrx_word' id='word_1_168' title='bbox 197 1989 342 2045; x_wconf 83' lang='lat' dir='ltr'>amicorum</span> <span class='ocrx_word' id='word_1_169' title='bbox 352 1994 391 2042; x_wconf 89' lang='lat' dir='ltr'>est</span> <span class='ocrx_word' id='word_1_170' title='bbox 400 2003 482 2041; x_wconf 89' lang='lat' dir='ltr'>ausus</span> <span class='ocrx_word' id='word_1_171' title='bbox 490 1986 647 2061; x_wconf 83' lang='lat' dir='ltr'>reprendere</span> <span class='ocrx_word' id='word_1_172' title='bbox 655 2005 777 2058; x_wconf 87' lang='lat' dir='ltr'>versum;</span> 
     </span>
    </p>

    <p class='ocr_par' dir='ltr' id='par_1_22' title="bbox 10 2060 751 2139">
     <span class='ocr_line' id='line_1_27' title="bbox 10 2060 751 2139; baseline -0.001 -20"><span class='ocrx_word' id='word_1_173' title='bbox 10 2120 18 2139; x_wconf 38' lang='grc' dir='ltr'>ι</span> <span class='ocrx_word' id='word_1_174' title='bbox 94 2081 177 2138; x_wconf 88' lang='lat' dir='ltr'>quum</span> <span class='ocrx_word' id='word_1_175' title='bbox 187 2063 242 2118; x_wconf 87' lang='lat' dir='ltr'>loca</span> <span class='ocrx_word' id='word_1_176' title='bbox 252 2064 306 2117; x_wconf 87' lang='lat' dir='ltr'>iam</span> <span class='ocrx_word' id='word_1_177' title='bbox 315 2063 418 2120; x_wconf 79' lang='lat' dir='ltr'>recitata</span> <span class='ocrx_word' id='word_1_178' title='bbox 428 2060 590 2117; x_wconf 83' lang='lat' dir='ltr'>revolvimus</span> <span class='ocrx_word' id='word_1_179' title='bbox 602 2062 751 2132; x_wconf 81' lang='lat' dir='ltr'>irrevooati;</span> 
     </span>
    </p>

    <p class='ocr_par' dir='ltr' id='par_1_23' title="bbox 10 2136 681 2212">
     <span class='ocr_line' id='line_1_28' title="bbox 10 2136 681 2212; baseline -0.003 -18"><span class='ocrx_word' id='word_1_180' title='bbox 10 2139 11 2176; x_wconf 68' lang='lat'><em>³</em></span> <span class='ocrx_word' id='word_1_181' title='bbox 94 2157 177 2212; x_wconf 89' lang='lat' dir='ltr'>quum</span> <span class='ocrx_word' id='word_1_182' title='bbox 188 2138 371 2202; x_wconf 87' lang='lat' dir='ltr'>lamentamur,</span> <span class='ocrx_word' id='word_1_183' title='bbox 383 2153 437 2192; x_wconf 88' lang='lat' dir='ltr'>non</span> <span class='ocrx_word' id='word_1_184' title='bbox 447 2154 571 2208; x_wconf 85' lang='lat' dir='ltr'>apparere</span> <span class='ocrx_word' id='word_1_185' title='bbox 579 2136 681 2192; x_wconf 89' lang='lat' dir='ltr'>labores</span> 
     </span>
    </p>
   </div>
   <div class='ocr_carea' id='block_1_5' title="bbox 11 2211 890 2284">
    <p class='ocr_par' dir='ltr' id='par_1_24' title="bbox 11 2211 890 2284">
     <span class='ocr_line' id='line_1_29' title="bbox 11 2211 890 2284; baseline -0.002 -15"><span class='ocrx_word' id='word_1_186' title='bbox 11 2224 14 2235; x_wconf 87' lang='grc'><em>“</em></span> <span class='ocrx_word' id='word_1_187' title='bbox 94 2221 202 2278; x_wconf 90' lang='lat' dir='ltr'>nostros,</span> <span class='ocrx_word' id='word_1_188' title='bbox 217 2219 243 2268; x_wconf 90' lang='lat' dir='ltr'>et</span> <span class='ocrx_word' id='word_1_189' title='bbox 250 2212 323 2268; x_wconf 88' lang='lat' dir='ltr'>tenui</span> <span class='ocrx_word' id='word_1_190' title='bbox 331 2211 441 2268; x_wconf 81' lang='lat' dir='ltr'>deducta</span> <span class='ocrx_word' id='word_1_191' title='bbox 450 2219 569 2284; x_wconf 86' lang='lat' dir='ltr'>poemata</span> <span class='ocrx_word' id='word_1_192' title='bbox 579 2211 636 2281; x_wconf 79' lang='lat' dir='ltr'>filo:</span> <span class='ocrx_word' id='word_1_193' title='bbox 851 2223 890 2267; x_wconf 75' lang='grc'>225</span> 
     </span>
    </p>
   </div>
   <div class='ocr_carea' id='block_1_6' title="bbox 94 2287 819 2435">
    <p class='ocr_par' dir='ltr' id='par_1_25' title="bbox 94 2287 819 2435">
     <span class='ocr_line' id='line_1_30' title="bbox 94 2287 819 2362; baseline 0 -19"><span class='ocrx_word' id='word_1_194' title='bbox 94 2306 177 2362; x_wconf 87' lang='lat' dir='ltr'>quum</span> <span class='ocrx_word' id='word_1_195' title='bbox 187 2305 333 2361; x_wconf 90' lang='lat' dir='ltr'>speramus,</span> <span class='ocrx_word' id='word_1_196' title='bbox 345 2305 375 2344; x_wconf 88' lang='lat' dir='ltr'>eo</span> <span class='ocrx_word' id='word_1_197' title='bbox 384 2305 441 2342; x_wconf 90' lang='lat' dir='ltr'>rem</span> <span class='ocrx_word' id='word_1_198' title='bbox 449 2294 598 2352; x_wconf 87' lang='lat' dir='ltr'>venturam,</span> <span class='ocrx_word' id='word_1_199' title='bbox 610 2294 641 2342; x_wconf 87' lang='lat' dir='ltr'>ut</span> <span class='ocrx_word' id='word_1_200' title='bbox 648 2287 731 2342; x_wconf 85' lang='lat' dir='ltr'>simul</span> <span class='ocrx_word' id='word_1_201' title='bbox 740 2293 819 2360; x_wconf 85' lang='lat' dir='ltr'>atque</span> 
     </span>
     <span class='ocr_line' id='line_1_31' title="bbox 95 2361 755 2435; baseline -0.002 -17"><span class='ocrx_word' id='word_1_202' title='bbox 95 2364 209 2418; x_wconf 88' lang='lat' dir='ltr'>earmina</span> <span class='ocrx_word' id='word_1_203' title='bbox 218 2362 336 2418; x_wconf 89' lang='lat' dir='ltr'>resoieris</span> <span class='ocrx_word' id='word_1_204' title='bbox 345 2380 393 2420; x_wconf 90' lang='lat' dir='ltr'>nos</span> <span class='ocrx_word' id='word_1_205' title='bbox 403 2362 510 2435; x_wconf 63' lang='lat' dir='ltr'>lingere,</span> <span class='ocrx_word' id='word_1_206' title='bbox 521 2361 676 2417; x_wconf 86' lang='lat' dir='ltr'>eommodus</span> <span class='ocrx_word' id='word_1_207' title='bbox 685 2362 755 2417; x_wconf 90' lang='lat' dir='ltr'>ultro</span> 
     </span>
    </p>
   </div>
   <div class='ocr_carea' id='block_1_7' title="bbox 94 2436 888 2660">
    <p class='ocr_par' dir='ltr' id='par_1_26' title="bbox 94 2436 888 2660">
     <span class='ocr_line' id='line_1_32' title="bbox 95 2436 689 2511; baseline 0 -19"><span class='ocrx_word' id='word_1_208' title='bbox 95 2454 216 2503; x_wconf 83' lang='lat' dir='ltr'>arcessas,</span> <span class='ocrx_word' id='word_1_209' title='bbox 228 2444 253 2492; x_wconf 90' lang='lat' dir='ltr'>et</span> <span class='ocrx_word' id='word_1_210' title='bbox 261 2455 338 2511; x_wconf 77' lang='lat' dir='ltr'>egere</span> <span class='ocrx_word' id='word_1_211' title='bbox 346 2445 426 2502; x_wconf 84' lang='lat' dir='ltr'>vetes,</span> <span class='ocrx_word' id='word_1_212' title='bbox 438 2444 464 2491; x_wconf 79' lang='lat' dir='ltr'>et</span> <span class='ocrx_word' id='word_1_213' title='bbox 477 2436 590 2492; x_wconf 86' lang='lat' dir='ltr'>seribere</span> <span class='ocrx_word' id='word_1_214' title='bbox 602 2454 689 2510; x_wconf 82' lang='lat' dir='ltr'>cogas.</span> 
     </span>
     <span class='ocr_line' id='line_1_33' title="bbox 94 2511 787 2586; baseline 0 -18"><span class='ocrx_word' id='word_1_215' title='bbox 94 2511 143 2568; x_wconf 92' lang='lat' dir='ltr'>Sed</span> <span class='ocrx_word' id='word_1_216' title='bbox 152 2519 239 2568; x_wconf 88' lang='lat' dir='ltr'>tamen</span> <span class='ocrx_word' id='word_1_217' title='bbox 248 2520 288 2568; x_wconf 85' lang='lat' dir='ltr'>est</span> <span class='ocrx_word' id='word_1_218' title='bbox 296 2531 388 2586; x_wconf 85' lang='lat' dir='ltr'>operae</span> <span class='ocrx_word' id='word_1_219' title='bbox 396 2511 511 2586; x_wconf 88' lang='lat' dir='ltr'>pretium</span> <span class='ocrx_word' id='word_1_220' title='bbox 521 2529 683 2586; x_wconf 77' lang='lat' dir='ltr'>eognosoere,</span> <span class='ocrx_word' id='word_1_221' title='bbox 696 2511 787 2586; x_wconf 86' lang='lat' dir='ltr'>quales</span> 
     </span>
     <span class='ocr_line' id='line_1_34' title="bbox 95 2586 888 2660; baseline -0.006 -16"><span class='ocrx_word' id='word_1_222' title='bbox 95 2587 208 2646; x_wconf 88' lang='lat' dir='ltr'>aedituos</span> <span class='ocrx_word' id='word_1_223' title='bbox 217 2588 311 2645; x_wconf 83' lang='lat' dir='ltr'>haheat</span> <span class='ocrx_word' id='word_1_224' title='bbox 319 2587 383 2646; x_wconf 88' lang='lat' dir='ltr'>belli</span> <span class='ocrx_word' id='word_1_225' title='bbox 392 2594 505 2660; x_wconf 73' lang='lat' dir='ltr'>spectata</span> <span class='ocrx_word' id='word_1_226' title='bbox 517 2586 643 2660; x_wconf 87' lang='lat' dir='ltr'>domique</span> <span class='ocrx_word' id='word_1_227' title='bbox 847 2595 888 2640; x_wconf 79' lang='lat'>230</span> 
     </span>
    </p>
   </div>
   <div class='ocr_carea' id='block_1_8' title="bbox 0 0 1048 3067">
    <p class='ocr_par' dir='ltr' id='par_1_27' title="bbox 0 0 1048 3067">
     <span class='ocr_line' id='line_1_35' title="bbox 0 0 1048 3067; baseline 0 0"><span class='ocrx_word' id='word_1_228' title='bbox 0 0 1048 3067; x_wconf 95' lang='lat' dir='ltr'> </span> 
     </span>
    </p>
   </div>
  </div>
 </body>
</html>
