2067 3067
212 130 244 185 42
483 130 684 178 ODARUM

288 252 329 289 res
338 232 476 297 ordinaris,
488 230 588 305 grande
601 246 700 282 munus

261 342 269 355 ·
325 307 450 378 Cecropio
459 314 559 378 repetes
571 305 708 368 cothurno,

250 402 355 473 insigne
364 399 471 453 moestis
480 396 642 469 praesidium
652 396 712 459 reis,

250 484 274 530 et
284 474 439 537 consulenti,
450 471 542 536 Pollio,
557 472 657 524 curiae:

288 552 330 605 oui
342 548 433 607 laurus
442 556 559 601 aeternos
568 546 680 600 honores

327 623 468 678 Dalmatico
477 621 577 693 peperit
586 618 730 689 triumpho.

251 719 308 773 lam
319 732 390 769 nuno
400 713 497 767 minaci
507 728 644 768 murmure
653 727 784 767 cornuum

252 790 408 863 perstringis
416 804 506 843 aures:
529 787 582 840 iam
592 785 650 838 litui
663 791 796 855 strepunt:

290 866 343 919 iam
354 864 441 937 fulgor
451 878 585 917 armorum
594 859 710 932 lugaoes.

330 947 408 993 terret
419 954 510 1009 equos,
523 936 697 1008 equitumque
707 932 807 986 uultus.

254 1031 353 1085 Audire
363 1046 473 1103 magnos
483 1028 536 1082 iam
547 1025 637 1081 videor
646 1024 725 1078 duces

255 1125 308 1160 non
319 1105 439 1159 indecoro
448 1102 558 1175 pulvere
567 1099 694 1163 sordidos,

292 1189 317 1235 et
326 1188 418 1234 cuncta
428 1186 556 1232 terrarum
569 1175 685 1239 subacta,

330 1262 430 1327 praeter
438 1261 550 1307 atrocem
560 1250 679 1305 animum
690 1247 805 1302 Catonis.

255 1350 330 1412 luno,
343 1354 368 1400 et
377 1346 486 1400 deorum
495 1342 620 1417 quisquis
630 1340 737 1395 amicior

256 1421 326 1479 Afris
348 1420 431 1478 inulta
440 1427 553 1476 cesserat
561 1419 691 1489 impotens

293 1496 398 1560 tellure,
411 1496 541 1550 victorum
555 1501 659 1564 nepotes

331 1570 419 1625 retulit
431 1569 538 1624 inferias
547 1567 698 1641 Iugurthae.

257 1663 324 1731 Quis
334 1680 387 1717 non
397 1661 489 1717 Latino
499 1660 629 1733 sanguine
640 1656 765 1730 pinguior

259 1756 368 1811 campus
378 1735 505 1810 sepulcris
514 1735 597 1806 impia
609 1730 706 1804 proelia

296 1821 412 1877 testatur,
426 1812 600 1881 auditumque
608 1806 691 1861 Medis

334 1888 472 1959 Hesperiae
482 1886 599 1941 sonitum
608 1880 717 1936 ruinae?

259 1980 307 2053 qui
317 1996 414 2051 gurges
424 1986 470 2032 aut
479 1993 548 2048 quae
557 1974 667 2029 llumina
677 1971 800 2044 lugubris

260 2056 352 2127 ignara
362 2050 443 2110 uelut
461 2050 534 2123 quod
544 2066 615 2104 mare
626 2047 739 2101 Dauniae

297 2145 350 2182 nou
361 2125 539 2180 decoloravere
548 2119 656 2176 caedes?

336 2218 404 2274 quae
414 2207 483 2254 caret
492 2217 538 2253 ora
547 2213 638 2251 cruore
648 2192 755 2261 postm‘?

261 2292 312 2348 Sed
322 2310 363 2357 ne,
376 2292 481 2357 relictis,
492 2291 569 2347 Musa
578 2305 684 2361 procax,
698 2286 771 2349 iocis,
801 2322 805 2329 -

261 2369 327 2425 Ceae
336 2375 455 2422 retractes
466 2383 575 2421 munera
586 2364 690 2420 neniae:

299 2461 403 2499 mecum
413 2443 526 2497 Dionaeo
535 2441 586 2495 sub
600 2446 674 2495 antro

337 2535 433 2591 quaere
443 2516 535 2572 modos
545 2515 641 2570 leviore
649 2512 756 2586 plectro.
