2067 3067
397 118 585 205 uranus

278 360 524 418 EPuuos
570 363 681 424 vlll.

224 474 268 519 ru
298 475 409 519 nunu
437 478 723 526 nrnrnrnosnu

107 678 204 727 Querenti
213 679 291 717 vetulae
295 705 304 724 ,
318 680 371 729 qnod
379 692 449 728 parum
458 680 481 717 nb
491 681 534 731 ipso
543 689 631 725 ametur.
646 687 758 734 respondet.
781 691 843 728 Matr.

448 744 498 781 XII.

141 831 246 914 Rogare
255 840 332 914 longo
342 841 460 910 putidam
472 850 495 896 te
504 843 600 909 seculo,

178 915 248 968 vires
257 916 323 986 quid
332 923 436 968 enervet
446 915 535 970 meas?

141 1007 226 1060 quum
235 993 268 1043 sit
279 989 325 1042 tibi
336 989 400 1042 dens
410 996 471 1053 ater,
482 999 507 1043 et
515 992 590 1064 rugis
602 999 675 1048 vetus

177 1062 287 1116 frontem
297 1071 415 1117 senectus
424 1072 520 1128 exaret,
534 1119 538 1127 ,

141 1137 246 1208 hietque
256 1138 341 1208 turpis
351 1138 418 1191 inter
426 1139 511 1192 aridas
522 1147 594 1194 uates

176 1212 270 1280 podex.
281 1211 352 1265 velut
362 1211 456 1266 crudae
464 1213 559 1268 bovis‘l

139 1284 190 1338 Sed
200 1287 289 1338 incitat
297 1303 340 1338 me
349 1295 448 1356 pectus,
460 1295 485 1341 et
493 1305 623 1344 mammae
632 1297 730 1360 putres,

174 1360 271 1430 equina
280 1359 371 1430 quales
380 1361 470 1425 ubera,

138 1441 279 1504 venterque
289 1432 383 1496 mollis,
395 1443 419 1488 et
427 1434 513 1490 femur
524 1439 687 1494 tumentibus
753 1489 758 1498 .

174 1506 242 1560 exile
251 1526 320 1561 suris
330 1507 461 1563 additum}

136 1581 199 1634 Esto
208 1582 293 1644 beata·
302 1580 383 1651 funus¹
392 1590 470 1654 atque
480 1585 608 1657 imagines

173 1655 269 1708 ducant
278 1655 449 1726 triumphales
461 1665 546 1722 tuum,

137 1746 184 1782 neo
193 1730 227 1782 sit
236 1731 336 1794 marita,
349 1747 416 1801 quaa
426 1731 621 1785 rotundioribus

172 1811 265 1857 onusta
274 1804 359 1857 baccis
369 1803 493 1856 ambulet.

136 1875 214 1941 Quid,
226 1877 298 1947 quod
307 1876 388 1930 libelli
398 1876 475 1929 Stoici
485 1877 552 1930 inter
562 1878 656 1931 sericos

174 1950 255 2003 iaoere
262 1949 388 2021 pulvillos
398 1949 504 2003 amant?
560 1945 562 1949 ’

135 2023 249 2078 llliterati
260 2043 325 2078 num
336 2025 426 2078 minus
436 2024 509 2078 nervi
519 2025 612 2096 rigent,

171 2099 294 2153 minusve
304 2098 410 2170 languet
419 2097 566 2152 fascinum‘l

136 2171 212 2237 Quod
220 2179 250 2224 ut
257 2173 369 2242 superbo
379 2190 502 2242 provoces
512 2172 545 2225 ab
559 2174 677 2244 inguine,

170 2261 215 2300 ore
224 2245 429 2302 adlaborandum
438 2254 477 2300 est
489 2246 548 2299 tibi.

371 2462 564 2475 Μ
