2067 3067
229 141 278 193 lli
496 141 698 189 ODARUM

172 255 198 297 15
302 246 355 298 iam
365 243 428 297 laete
438 243 579 313 depulsum
589 241 699 307 leonem,

339 320 415 386 dente
424 335 493 371 novo
502 317 628 387 peritura,
641 317 719 371 vidit:

264 414 353 468 videre
362 416 448 468 Raetis
458 414 526 468 bella
537 416 587 468 sub
598 414 711 485 Alpibus

265 491 380 542 Drusum
389 497 522 560 gerentem
533 489 673 557 Vindelici;
686 490 833 562 —quibus

302 581 359 616 mos
372 563 578 617 undededuotus
588 581 721 633 peremne

338 645 442 707 tempus
452 637 594 691 Amazonia
606 639 692 692 securi

264 740 368 794 dextras
377 741 501 804 obarmet,
514 758 637 812 quaerere
646 742 751 810 distuli3

265 833 313 868 neo
323 816 388 868 seire
399 814 437 870 fas
447 822 486 869 est
495 816 597 882 omnia;
609 818 702 872 -sed
711 818 759 872 diu

302 888 404 961 lateque
415 890 532 944 viotrioes
542 899 658 946 catervae

338 962 456 1018 oonsiliis
467 965 572 1018 iuvenis
582 968 692 1022 revictae

265 1089 377 1135 sensere,
389 1071 456 1142 quid
467 1089 542 1125 mens
552 1072 607 1136 rite,
623 1072 689 1144 quid
699 1072 808 1137 indoles,

265 1147 361 1199 nutrita
370 1144 463 1198 faustis
473 1145 525 1198 sub
535 1146 720 1214 penetralibus,

299 1227 394 1289 posset,
407 1219 474 1289 quid
482 1219 594 1290 Augusti
609 1227 733 1288 paternus

338 1295 366 1347 in
375 1309 471 1364 pueros
481 1309 587 1346 animus
598 1294 723 1347 Nerones.

263 1403 352 1455 Fortes
361 1408 481 1454 creantur
491 1400 601 1455 fortibus
610 1398 730 1453 ethonis.

264 1477 311 1530 Est
321 1476 348 1528 in
360 1475 488 1539 iuvencis,
498 1482 538 1528 est
549 1475 576 1529 in
586 1473 663 1545 equis
673 1481 778 1544 patrum

302 1551 398 1616 virtus;
419 1567 505 1620 neque
515 1549 647 1603 imbellem
659 1547 755 1602 ferooes

338 1633 509 1696 progenerant
517 1624 621 1696 aquilae
630 1623 791 1680 oolumbam.

263 1732 382 1786 Doctrina
394 1732 440 1785 sed
450 1732 504 1788 vim
514 1739 650 1804 promovet
660 1732 774 1796 insitam,

264 1808 378 1878 rectique
387 1806 473 1861 oultus
483 1817 584 1879 pectora
594 1808 729 1862 roborant:

300 1889 435 1952 uteunque
444 1881 558 1937 deleeere
568 1900 661 1947 mores,

337 1955 488 2010 indeoorant
499 1958 566 2011 bene
575 1965 633 2011 nata
643 1955 745 2027 eulpae.

262 2061 333 2126 Quid
343 2063 446 2125 debeas,
457 2063 575 2126 olloma,
590 2063 747 2126 Neronibus,

263 2137 333 2188 testis
343 2135 597 2193 Metaurumllumen
607 2143 632 2190 et
641 2137 787 2191 Hasdrubal

299 2209 417 2263 devictus
426 2218 450 2263 et
460 2209 569 2280 pulcher
578 2210 675 2284 fugatis

336 2283 381 2338 ille
389 2284 445 2338 diss
454 2285 528 2338 Latio
538 2285 659 2349 tenebris,

261 2391 308 2460 qui
319 2391 421 2460 primus
432 2391 500 2445 alma
509 2391 568 2444 risit
576 2389 676 2456 adores,

261 2464 335 2518 dirus
345 2464 550 2536 perurbesAfer
562 2473 592 2518 ut
601 2463 686 2528 Italas,

299 2555 346 2592 eeu
356 2539 460 2593 llamma
470 2556 517 2610 per
527 2539 622 2602 laedas,
635 2538 674 2592 vel
685 2539 772 2594 Eurus

334 2629 382 2682 per
390 2612 491 2667 Siculas
498 2613 628 2684 equitavit
638 2612 732 2670 undas.
