2067 3067
242 143 314 191 LIB.
333 143 356 189 I.
381 143 507 190 EPIST.
527 143 586 191 XV.
735 136 782 193 26⁴

39 243 157 302 edmero
165 261 251 317 quum
263 245 334 311 veni,
345 261 503 318 generosum
513 251 539 297 et
548 242 605 297 lene
614 245 729 316 requiro,

39 320 115 395 quod
123 336 200 375 curas
213 320 310 394 abigat,
322 319 466 392 quodcum
476 335 523 390 spe
532 318 615 372 divite
624 327 712 374 menet

39 399 70 451 in
80 413 161 451 venes
170 395 345 466 animumque
353 410 453 460 meum,
468 393 543 465 quod
551 393 631 448 verba
645 395 784 459 ministret,
815 403 841 446 ne

39 469 115 543 quod
123 487 167 525 me
176 471 296 525 Lucanae
306 470 430 526 iuvenem
440 468 604 523 commendet
614 466 737 539 amicae3)

39 551 138 600 tractus
147 552 205 600 uter
213 544 303 617 plures
314 543 423 616 lepores,
434 551 491 598 uter
500 543 593 598 educet
606 560 692 614 apros,

41 615 102 675 utra
111 620 197 694 magis
206 619 291 691 pisces
300 627 326 674 ct
334 620 442 675 echinos
452 635 565 690 aequora
575 618 672 683 celent,

39 695 151 768 pinguis
162 701 191 748 ut
200 693 262 750 inde
270 694 380 749 domum
390 694 490 766 possim
500 693 656 764 Phaeaxque
667 693 769 756 reverti,

40 767 661 838 scriberetenohis‚tihincsuccredereparest.
817 775 843 819 25

40 844 171 909 Maenius,
184 851 214 898 ut
223 844 302 900 rehem
312 844 437 900 maternis
446 851 526 915 utque
534 844 649 914 paternis

40 918 141 974 fortiter
150 917 280 974 absumtis
288 919 408 982 mhunus
417 919 501 990 coepit
509 918 612 983 heberi,

40 1010 133 1048 sourru
143 1009 237 1066 vagus,
250 1011 303 1048 nou
314 995 361 1066 qui
374 1001 607 1067 certumprecsepe
619 1001 724 1057 teneret,

41 1070 195 1140 impransus
205 1085 258 1124 non
268 1068 316 1140 qui
326 1068 411 1123 civem
421 1069 585 1142 dignosceret
593 1069 676 1132 hoste,

40 1143 175 1216 quaelihet
185 1142 213 1198 in
223 1143 346 1215 quemvis
356 1144 495 1215 opprobria
506 1144 606 1218 lingere
615 1160 720 1208 saevus,
816 1152 842 1194 3⁰

40 1218 171 1291 pernicies
180 1225 206 1273 et
214 1225 353 1290 tempestas
362 1218 571 1291 barathrumque
580 1218 693 1284 macelli,

42 1292 177 1366 quidquid
185 1294 341 1365 quaesierat,
354 1295 440 1350 ventri
450 1294 565 1350 donabat
573 1312 663 1351 avaro.

41 1368 100 1433 llic,
112 1369 160 1424 uhi
170 1368 302 1442 nequitiae
311 1369 458 1426 fautoribus
468 1377 492 1425 et
501 1370 603 1425 timidis
611 1368 651 1424 nil
695 1386 699 1392 ·

41 1450 88 1498 aut
97 1443 217 1515 paullum
228 1444 378 1510 abstulerat,
389 1447 492 1517 patinas
501 1446 627 1500 coenabat
635 1446 719 1500 omasi

41 1517 106 1574 vilis
115 1525 141 1571 et
149 1519 270 1590 agninae,
281 1520 368 1574 trihus
376 1522 447 1576 ursis
458 1521 532 1592 qued
541 1521 604 1574 setis
613 1529 694 1588 esset3
764 1533 769 1540 ·
819 1527 845 1570 35

4 1649 6 1652 ,
42 1591 143 1647 scilicet
152 1599 182 1646 ut
191 1599 295 1646 ventres
305 1592 393 1648 lamna
403 1594 529 1648 candente
539 1602 665 1664 nepotum

42 1666 139 1721 diceret
147 1666 262 1722 urendos
271 1675 396 1722 corrector
406 1669 518 1722 Bestius.
557 1669 631 1723 Idem

43 1739 178 1814 quidquid
186 1748 241 1795 emt
250 1747 342 1796 neotus
351 1741 461 1813 praedae
471 1743 588 1805 maioris,
603 1744 651 1798 uhi
660 1760 739 1798 omne

4 1825 6 1888 g
44 1821 154 1872 verterat
169 1814 198 1870 in
211 1814 318 1872 fumum
330 1817 491 1880 etcinerem,
517 1818 594 1870 »Nou
613 1817 720 1872 hercule
738 1817 790 1870 rui-

4 1911 5 1916 *
538 1908 612 1956 νοω

43 1966 137 2032 aiebat,
148 1964 189 2020 »si
200 1965 247 2038 qui
256 1965 398 2023 comedunt
406 1967 483 2032 hona,
496 1983 582 2036 quum
592 1966 627 2020 sit
635 1966 713 2019 obeso
817 1972 844 2017 lc

5 2041 6 2044 ’
42 2040 100 2097 »nil
110 2039 207 2095 melius
217 2039 303 2106 turdo,
315 2039 354 2096 nil
365 2041 446 2098 vulve
455 2040 594 2114 pulchrius
603 2039 721 2112 amplae

42 2116 177 2173 Nimirum
187 2114 232 2171 hic
243 2133 292 2188 ego
302 2133 376 2184 sum3
398 2133 460 2170 num
470 2124 526 2172 tuta
536 2125 562 2172 et
572 2113 780 2188 pervululuud0‚

43 2209 130 2264 quum
139 2207 182 2246 res
191 2190 325 2256 deficiunt,
337 2193 401 2246 setis
411 2191 478 2256 inter
487 2191 552 2247 vilia
561 2191 645 2247 fertis.

43 2268 143 2323 Verum
152 2265 199 2320 ubi
210 2265 277 2337 quid
286 2265 383 2320 melius
393 2267 523 2339 contingit
529 2273 555 2322 et
566 2267 681 2330 unctius,
694 2265 764 2320 idem

43 2359 91 2396 vos
101 2357 192 2411 sapere
201 2348 226 2394 et
237 2340 307 2396 selus
317 2342 358 2396 aic
366 2341 433 2396 hene
443 2341 541 2405 virere,
554 2358 669 2411 querum
817 2344 844 2392 le

42 2416 202 2487 conspicitur
216 2415 307 2472 nitidis
315 2413 423 2474 lundata
433 2416 545 2487 pecunia
555 2414 636 2472 villis.
713 2459 716 2467 ,
