<?xml version="1.0" encoding="UTF-8"?>
<!DOCTYPE html PUBLIC "-//W3C//DTD XHTML 1.0 Transitional//EN"
    "http://www.w3.org/TR/xhtml1/DTD/xhtml1-transitional.dtd">
<html xmlns="http://www.w3.org/1999/xhtml" xml:lang="en" lang="en">
 <head>
  <title>
</title>
<meta http-equiv="Content-Type" content="text/html;charset=utf-8" />
  <meta name='ocr-system' content='tesseract 3.04.00' />
  <meta name='ocr-capabilities' content='ocr_page ocr_carea ocr_par ocr_line ocrx_word'/>
</head>
<body>
  <div class='ocr_page' id='page_1' title='image "./qhoratiiflaccio01weisgoog_0178.png"; bbox 0 0 2067 3067; ppageno 0'>
   <div class='ocr_carea' id='block_1_1' title="bbox 331 123 844 176">
    <p class='ocr_par' dir='ltr' id='par_1_1' title="bbox 331 123 844 176">
     <span class='ocr_line' id='line_1_1' title="bbox 331 123 844 176; baseline 0.006 -3"><span class='ocrx_word' id='word_1_1' title='bbox 331 126 401 175; x_wconf 88' lang='lat' dir='ltr'>LIB.</span> <span class='ocrx_word' id='word_1_2' title='bbox 422 126 444 173; x_wconf 90' lang='lat'>1.</span> <span class='ocrx_word' id='word_1_3' title='bbox 474 127 558 173; x_wconf 76' lang='lat' dir='ltr'><strong>SAT.</strong></span> <span class='ocrx_word' id='word_1_4' title='bbox 578 128 612 172; x_wconf 92' lang='grc' dir='ltr'>Π.</span> <span class='ocrx_word' id='word_1_5' title='bbox 796 123 844 176; x_wconf 77' lang='grc'>165</span> 
     </span>
    </p>
   </div>
   <div class='ocr_carea' id='block_1_2' title="bbox 41 227 899 973">
    <p class='ocr_par' dir='ltr' id='par_1_2' title="bbox 41 227 899 749">
     <span class='ocr_line' id='line_1_2' title="bbox 41 227 697 295; baseline 0.002 -12"><span class='ocrx_word' id='word_1_6' title='bbox 41 264 47 273; x_wconf 91' lang='lat'>·</span> <span class='ocrx_word' id='word_1_7' title='bbox 94 228 205 283; x_wconf 83' lang='lat' dir='ltr'>nomina</span> <span class='ocrx_word' id='word_1_8' title='bbox 214 235 334 294; x_wconf 84' lang='lat' dir='ltr'>sectatur,</span> <span class='ocrx_word' id='word_1_9' title='bbox 346 228 424 282; x_wconf 89' lang='lat' dir='ltr'>modo</span> <span class='ocrx_word' id='word_1_10' title='bbox 434 235 522 282; x_wconf 82' lang='lat' dir='ltr'>sumta</span> <span class='ocrx_word' id='word_1_11' title='bbox 534 227 697 295; x_wconf 71' lang='lat' dir='ltr'>vesuvum,</span> 
     </span>
     <span class='ocr_line' id='line_1_3' title="bbox 94 302 844 375; baseline 0.004 -18"><span class='ocrx_word' id='word_1_12' title='bbox 94 303 149 357; x_wconf 82' lang='lat' dir='ltr'>sub</span> <span class='ocrx_word' id='word_1_13' title='bbox 160 304 278 374; x_wconf 84' lang='lat' dir='ltr'>patribus</span> <span class='ocrx_word' id='word_1_14' title='bbox 288 304 371 368; x_wconf 74' lang='lat' dir='ltr'>duriS,</span> <span class='ocrx_word' id='word_1_15' title='bbox 382 304 508 358; x_wconf 88' lang='lat' dir='ltr'>tironum.</span> <span class='ocrx_word' id='word_1_16' title='bbox 536 302 700 367; x_wconf 64' lang='lat' dir='ltr'>»Maxime«</span> <span class='ocrx_word' id='word_1_17' title='bbox 709 304 771 375; x_wconf 85' lang='lat' dir='ltr'>quis</span> <span class='ocrx_word' id='word_1_18' title='bbox 780 322 844 372; x_wconf 84' lang='lat' dir='ltr'>non,</span> 
     </span>
     <span class='ocr_line' id='line_1_4' title="bbox 95 376 845 450; baseline 0.007 -20"><span class='ocrx_word' id='word_1_19' title='bbox 95 379 212 450; x_wconf 72' lang='lat' dir='ltr'>»Iupiter</span> <span class='ocrx_word' id='word_1_20' title='bbox 220 380 245 432; x_wconf 83' lang='lat' dir='ltr'>lu</span> <span class='ocrx_word' id='word_1_21' title='bbox 255 378 391 442; x_wconf 75' lang='lat' dir='ltr'><strong>exclamat,</strong></span> <span class='ocrx_word' id='word_1_22' title='bbox 402 378 482 431; x_wconf 88' lang='lat' dir='ltr'>simul</span> <span class='ocrx_word' id='word_1_23' title='bbox 494 384 573 449; x_wconf 87' lang='lat' dir='ltr'>atque</span> <span class='ocrx_word' id='word_1_24' title='bbox 582 376 703 431; x_wconf 78' lang='lat' dir='ltr'>audivit?</span> <span class='ocrx_word' id='word_1_25' title='bbox 711 385 728 433; x_wconf 68' lang='grc'><strong>1</strong></span> <span class='ocrx_word' id='word_1_26' title='bbox 736 380 770 433; x_wconf 75' lang='lat' dir='ltr'>At</span> <span class='ocrx_word' id='word_1_27' title='bbox 779 381 806 434; x_wconf 88' lang='lat' dir='ltr'>in</span> <span class='ocrx_word' id='word_1_28' title='bbox 816 398 845 435; x_wconf 88' lang='lat' dir='ltr'>se</span> 
     </span>
     <span class='ocr_line' id='line_1_5' title="bbox 94 450 842 525; baseline 0.004 -19"><span class='ocrx_word' id='word_1_29' title='bbox 94 470 145 525; x_wconf 91' lang='lat' dir='ltr'>pro</span> <span class='ocrx_word' id='word_1_30' title='bbox 154 460 264 524; x_wconf 79' lang='lat' dir='ltr'>quaestu</span> <span class='ocrx_word' id='word_1_31' title='bbox 274 460 394 508; x_wconf 83' lang='lat' dir='ltr'><strong>sumtum</strong></span> <span class='ocrx_word' id='word_1_32' title='bbox 404 450 464 507; x_wconf 83' lang='lat' dir='ltr'>facit</span> <span class='ocrx_word' id='word_1_33' title='bbox 474 453 529 507; x_wconf 92' lang='lat' dir='ltr'>hic.</span> <span class='ocrx_word' id='word_1_34' title='bbox 548 452 627 508; x_wconf 66' lang='lat' dir='ltr'>{Vix</span> <span class='ocrx_word' id='word_1_35' title='bbox 636 452 739 507; x_wconf 85' lang='lat' dir='ltr'>credere</span> <span class='ocrx_word' id='word_1_36' title='bbox 748 456 842 525; x_wconf 83' lang='lat' dir='ltr'>possis,</span> 
     </span>
     <span class='ocr_line' id='line_1_6' title="bbox 96 526 899 599; baseline 0.004 -18"><span class='ocrx_word' id='word_1_37' title='bbox 96 546 180 599; x_wconf 84' lang='lat' dir='ltr'>quam</span> <span class='ocrx_word' id='word_1_38' title='bbox 190 528 241 581; x_wconf 91' lang='lat' dir='ltr'>sibi</span> <span class='ocrx_word' id='word_1_39' title='bbox 251 546 304 583; x_wconf 90' lang='lat' dir='ltr'>ncn</span> <span class='ocrx_word' id='word_1_40' title='bbox 315 529 349 582; x_wconf 86' lang='lat' dir='ltr'>sit</span> <span class='ocrx_word' id='word_1_41' title='bbox 358 528 473 596; x_wconf 81' lang='lat' dir='ltr'>amicus3</span> <span class='ocrx_word' id='word_1_42' title='bbox 495 528 540 591; x_wconf 84' lang='lat' dir='ltr'>ita,</span> <span class='ocrx_word' id='word_1_43' title='bbox 552 534 582 580; x_wconf 91' lang='lat' dir='ltr'>ut</span> <span class='ocrx_word' id='word_1_44' title='bbox 590 534 663 597; x_wconf 83' lang='lat' dir='ltr'>pater</span> <span class='ocrx_word' id='word_1_45' title='bbox 672 526 726 593; x_wconf 86' lang='lat' dir='ltr'>iile,</span> <span class='ocrx_word' id='word_1_46' title='bbox 738 530 841 584; x_wconf 75' lang='lat' dir='ltr'>Terenti</span> <span class='ocrx_word' id='word_1_47' title='bbox 873 542 899 584; x_wconf 84' lang='lat'>2⁰</span> 
     </span>
     <span class='ocr_line' id='line_1_7' title="bbox 95 601 712 675; baseline 0.003 -20"><span class='ocrx_word' id='word_1_48' title='bbox 95 602 186 657; x_wconf 85' lang='lat' dir='ltr'>fabula</span> <span class='ocrx_word' id='word_1_49' title='bbox 196 620 277 674; x_wconf 90' lang='lat' dir='ltr'>quem</span> <span class='ocrx_word' id='word_1_50' title='bbox 287 603 414 657; x_wconf 88' lang='lat' dir='ltr'>miserum</span> <span class='ocrx_word' id='word_1_51' title='bbox 423 610 502 675; x_wconf 80' lang='lat' dir='ltr'>gnato</span> <span class='ocrx_word' id='word_1_52' title='bbox 515 602 615 656; x_wconf 83' lang='lat' dir='ltr'>vixisse</span> <span class='ocrx_word' id='word_1_53' title='bbox 622 601 712 675; x_wconf 81' lang='lat' dir='ltr'>fugato</span> 
     </span>
     <span class='ocr_line' id='line_1_8' title="bbox 94 677 721 749; baseline -0.003 -18"><span class='ocrx_word' id='word_1_54' title='bbox 94 678 208 742; x_wconf 81' lang='lat' dir='ltr'>inducit,</span> <span class='ocrx_word' id='word_1_55' title='bbox 220 695 273 731; x_wconf 91' lang='lat' dir='ltr'>non</span> <span class='ocrx_word' id='word_1_56' title='bbox 283 695 312 731; x_wconf 88' lang='lat' dir='ltr'>se</span> <span class='ocrx_word' id='word_1_57' title='bbox 322 678 397 749; x_wconf 88' lang='lat' dir='ltr'>peius</span> <span class='ocrx_word' id='word_1_58' title='bbox 407 677 570 741; x_wconf 80' lang='lat' dir='ltr'>cruciaverit,</span> <span class='ocrx_word' id='word_1_59' title='bbox 583 684 662 748; x_wconf 81' lang='lat' dir='ltr'>atque</span> <span class='ocrx_word' id='word_1_60' title='bbox 671 678 721 731; x_wconf 90' lang='lat' dir='ltr'>hin.</span> 
     </span>
    </p>

    <p class='ocr_par' dir='ltr' id='par_1_3' title="bbox 80 752 899 973">
     <span class='ocr_line' id='line_1_9' title="bbox 80 752 841 824; baseline 0.005 -19"><span class='ocrx_word' id='word_1_61' title='bbox 80 762 84 769; x_wconf 87' lang='grc'><em>·</em></span> <span class='ocrx_word' id='word_1_62' title='bbox 97 752 125 806; x_wconf 92' lang='lat' dir='ltr'>Si</span> <span class='ocrx_word' id='word_1_63' title='bbox 136 752 197 823; x_wconf 89' lang='lat' dir='ltr'>quis</span> <span class='ocrx_word' id='word_1_64' title='bbox 207 769 279 806; x_wconf 89' lang='lat' dir='ltr'>nunc</span> <span class='ocrx_word' id='word_1_65' title='bbox 288 760 402 823; x_wconf 81' lang='lat' dir='ltr'>quaerut,</span> <span class='ocrx_word' id='word_1_66' title='bbox 410 752 483 818; x_wconf 81' lang='lat' dir='ltr'>»Qun</span> <span class='ocrx_word' id='word_1_67' title='bbox 491 769 533 805; x_wconf 89' lang='lat' dir='ltr'>res</span> <span class='ocrx_word' id='word_1_68' title='bbox 543 752 607 805; x_wconf 83' lang='lat' dir='ltr'>haec</span> <span class='ocrx_word' id='word_1_69' title='bbox 614 752 755 824; x_wconf 71' lang='lat' dir='ltr'>pertinetiu</span> <span class='ocrx_word' id='word_1_70' title='bbox 763 754 841 809; x_wconf 86' lang='lat' dir='ltr'>Illuc:</span> 
     </span>
     <span class='ocr_line' id='line_1_10' title="bbox 96 826 733 891; baseline 0 -10"><span class='ocrx_word' id='word_1_71' title='bbox 96 826 163 881; x_wconf 85' lang='lat' dir='ltr'>dum</span> <span class='ocrx_word' id='word_1_72' title='bbox 173 828 256 882; x_wconf 76' lang='lat' dir='ltr'>vitent</span> <span class='ocrx_word' id='word_1_73' title='bbox 264 826 337 881; x_wconf 87' lang='lat' dir='ltr'>stulti</span> <span class='ocrx_word' id='word_1_74' title='bbox 348 827 421 891; x_wconf 82' lang='lat' dir='ltr'>vitia,</span> <span class='ocrx_word' id='word_1_75' title='bbox 433 828 461 881; x_wconf 90' lang='lat' dir='ltr'>in</span> <span class='ocrx_word' id='word_1_76' title='bbox 473 826 601 881; x_wconf 84' lang='lat' dir='ltr'>contraria</span> <span class='ocrx_word' id='word_1_77' title='bbox 613 836 733 881; x_wconf 81' lang='lat' dir='ltr'>currunt.</span> 
     </span>
     <span class='ocr_line' id='line_1_11' title="bbox 96 900 899 973; baseline 0.002 -17"><span class='ocrx_word' id='word_1_78' title='bbox 96 901 241 956; x_wconf 84' lang='lat' dir='ltr'>Malthinus</span> <span class='ocrx_word' id='word_1_79' title='bbox 251 901 348 956; x_wconf 90' lang='lat' dir='ltr'>tunicis</span> <span class='ocrx_word' id='word_1_80' title='bbox 358 901 480 955; x_wconf 88' lang='lat' dir='ltr'>demissis</span> <span class='ocrx_word' id='word_1_81' title='bbox 490 900 621 955; x_wconf 80' lang='lat' dir='ltr'>ambulat:</span> <span class='ocrx_word' id='word_1_82' title='bbox 642 903 742 973; x_wconf 87' lang='lat' dir='ltr'>estqui</span> <span class='ocrx_word' id='word_1_83' title='bbox 873 916 899 958; x_wconf 72' lang='grc' dir='ltr'>ιι</span> 
     </span>
    </p>
   </div>
   <div class='ocr_carea' id='block_1_3' title="bbox 4 969 773 1135">
    <p class='ocr_par' dir='ltr' id='par_1_4' title="bbox 4 969 773 1135">
     <span class='ocr_line' id='line_1_12' title="bbox 12 969 773 1049; baseline -0.004 -15"><span class='ocrx_word' id='word_1_84' title='bbox 12 992 14 996; x_wconf 84' lang='grc'><em>·</em></span> <span class='ocrx_word' id='word_1_85' title='bbox 98 977 197 1049; x_wconf 79' lang='lat' dir='ltr'>inguen</span> <span class='ocrx_word' id='word_1_86' title='bbox 207 975 241 1031; x_wconf 79' lang='lat' dir='ltr'>ud</span> <span class='ocrx_word' id='word_1_87' title='bbox 250 969 410 1031; x_wconf 69' lang='lat' dir='ltr'>⁸obscoenum</span> <span class='ocrx_word' id='word_1_88' title='bbox 419 975 557 1030; x_wconf 85' lang='lat' dir='ltr'>subductis</span> <span class='ocrx_word' id='word_1_89' title='bbox 567 993 653 1047; x_wconf 90' lang='lat' dir='ltr'>usque</span> <span class='ocrx_word' id='word_1_90' title='bbox 663 974 773 1033; x_wconf 81' lang='lat' dir='ltr'>facetus:</span> 
     </span>
     <span class='ocr_line' id='line_1_13' title="bbox 4 1050 695 1135; baseline -0.007 -25"><span class='ocrx_word' id='word_1_91' title='bbox 4 1116 6 1135; x_wconf 26' lang='grc' dir='ltr'><strong><em>ἶ</em></strong></span> <span class='ocrx_word' id='word_1_92' title='bbox 97 1051 214 1122; x_wconf 79' lang='lat' dir='ltr'>pastillos</span> <span class='ocrx_word' id='word_1_93' title='bbox 224 1051 339 1106; x_wconf 84' lang='lat' dir='ltr'>Rufillus</span> <span class='ocrx_word' id='word_1_94' title='bbox 348 1050 407 1116; x_wconf 86' lang='lat' dir='ltr'>olet,</span> <span class='ocrx_word' id='word_1_95' title='bbox 420 1050 571 1124; x_wconf 81' lang='lat' dir='ltr'>Gargonius</span> <span class='ocrx_word' id='word_1_96' title='bbox 580 1051 695 1105; x_wconf 89' lang='lat' dir='ltr'>hircum.</span> 
     </span>
    </p>
   </div>
   <div class='ocr_carea' id='block_1_4' title="bbox 50 1125 899 1796">
    <p class='ocr_par' dir='ltr' id='par_1_5' title="bbox 97 1125 842 1275">
     <span class='ocr_line' id='line_1_14' title="bbox 97 1125 842 1199; baseline 0.007 -20"><span class='ocrx_word' id='word_1_97' title='bbox 97 1126 140 1180; x_wconf 88' lang='lat' dir='ltr'>Nil</span> <span class='ocrx_word' id='word_1_98' title='bbox 152 1126 269 1181; x_wconf 88' lang='lat' dir='ltr'>medium</span> <span class='ocrx_word' id='word_1_99' title='bbox 279 1134 326 1181; x_wconf 86' lang='lat' dir='ltr'>est.</span> <span class='ocrx_word' id='word_1_100' title='bbox 347 1125 423 1191; x_wconf 85' lang='lat' dir='ltr'>Sunt,</span> <span class='ocrx_word' id='word_1_101' title='bbox 435 1126 483 1199; x_wconf 94' lang='lat' dir='ltr'>qui</span> <span class='ocrx_word' id='word_1_102' title='bbox 493 1125 578 1180; x_wconf 79' lang='lat' dir='ltr'>nolint</span> <span class='ocrx_word' id='word_1_103' title='bbox 587 1125 704 1199; x_wconf 73' lang='lat' dir='ltr'>tetigisse</span> <span class='ocrx_word' id='word_1_104' title='bbox 712 1129 764 1183; x_wconf 83' lang='lat' dir='ltr'>nisi</span> <span class='ocrx_word' id='word_1_105' title='bbox 774 1128 842 1194; x_wconf 80' lang='lat' dir='ltr'>iiius,</span> 
     </span>
     <span class='ocr_line' id='line_1_15' title="bbox 97 1201 679 1275; baseline 0.007 -20"><span class='ocrx_word' id='word_1_106' title='bbox 97 1219 213 1273; x_wconf 83' lang='lat' dir='ltr'>quarum</span> <span class='ocrx_word' id='word_1_107' title='bbox 222 1202 332 1256; x_wconf 76' lang='lat' dir='ltr'>subsuta</span> <span class='ocrx_word' id='word_1_108' title='bbox 342 1201 407 1257; x_wconf 82' lang='lat' dir='ltr'>telos</span> <span class='ocrx_word' id='word_1_109' title='bbox 416 1209 486 1275; x_wconf 82' lang='lat' dir='ltr'>tegat</span> <span class='ocrx_word' id='word_1_110' title='bbox 495 1201 584 1255; x_wconf 81' lang='lat' dir='ltr'>instita</span> <span class='ocrx_word' id='word_1_111' title='bbox 594 1209 679 1260; x_wconf 82' lang='lat' dir='ltr'>veste:</span> 
     </span>
    </p>

    <p class='ocr_par' dir='ltr' id='par_1_6' title="bbox 50 1275 899 1500">
     <span class='ocr_line' id='line_1_16' title="bbox 50 1275 899 1351; baseline 0.001 -20"><span class='ocrx_word' id='word_1_112' title='bbox 50 1336 59 1351; x_wconf 42' lang='lat'>⁸</span> <span class='ocrx_word' id='word_1_113' title='bbox 97 1275 805 1334; x_wconf 81' lang='lat' dir='ltr'>contraaliusnullamnisiclentiiniornicestantem.</span> <span class='ocrx_word' id='word_1_114' title='bbox 872 1289 899 1332; x_wconf 72' lang='grc' dir='ltr'>ιι</span> 
     </span>
     <span class='ocr_line' id='line_1_17' title="bbox 97 1350 800 1424; baseline 0.003 -17"><span class='ocrx_word' id='word_1_115' title='bbox 97 1352 212 1418; x_wconf 84' lang='lat' dir='ltr'>Quidam</span> <span class='ocrx_word' id='word_1_116' title='bbox 221 1359 298 1407; x_wconf 86' lang='lat' dir='ltr'>notus</span> <span class='ocrx_word' id='word_1_117' title='bbox 308 1352 388 1407; x_wconf 85' lang='lat' dir='ltr'>homo</span> <span class='ocrx_word' id='word_1_118' title='bbox 397 1369 483 1424; x_wconf 91' lang='lat' dir='ltr'>quum</span> <span class='ocrx_word' id='word_1_119' title='bbox 491 1352 575 1407; x_wconf 84' lang='lat' dir='ltr'>exiret</span> <span class='ocrx_word' id='word_1_120' title='bbox 583 1350 689 1417; x_wconf 86' lang='lat' dir='ltr'>fornice,</span> <span class='ocrx_word' id='word_1_121' title='bbox 700 1355 800 1410; x_wconf 79' lang='lat' dir='ltr'>»Macte</span> 
     </span>
     <span class='ocr_line' id='line_1_18' title="bbox 97 1426 722 1500; baseline 0.005 -20"><span class='ocrx_word' id='word_1_122' title='bbox 97 1427 210 1483; x_wconf 78' lang='lat' dir='ltr'>»virtute</span> <span class='ocrx_word' id='word_1_123' title='bbox 219 1427 401 1500; x_wconf 83' lang='lat' dir='ltr'>esto,«inquit</span> <span class='ocrx_word' id='word_1_124' title='bbox 409 1427 538 1482; x_wconf 85' lang='lat' dir='ltr'>sententia</span> <span class='ocrx_word' id='word_1_125' title='bbox 547 1427 592 1481; x_wconf 85' lang='lat' dir='ltr'>diu</span> <span class='ocrx_word' id='word_1_126' title='bbox 602 1426 722 1483; x_wconf 86' lang='lat' dir='ltr'>Catonis:</span> 
     </span>
    </p>

    <p class='ocr_par' dir='ltr' id='par_1_7' title="bbox 97 1500 691 1568">
     <span class='ocr_line' id='line_1_19' title="bbox 97 1500 691 1568; baseline 0.003 -13"><span class='ocrx_word' id='word_1_127' title='bbox 97 1504 182 1557; x_wconf 70' lang='lat' dir='ltr'><strong>»Nam</strong></span> <span class='ocrx_word' id='word_1_128' title='bbox 193 1501 273 1557; x_wconf 88' lang='lat' dir='ltr'>simul</span> <span class='ocrx_word' id='word_1_129' title='bbox 284 1520 314 1557; x_wconf 84' lang='lat' dir='ltr'>ac</span> <span class='ocrx_word' id='word_1_130' title='bbox 323 1520 403 1558; x_wconf 82' lang='lat' dir='ltr'>venus</span> <span class='ocrx_word' id='word_1_131' title='bbox 414 1501 516 1558; x_wconf 78' lang='lat' dir='ltr'>inflavit</span> <span class='ocrx_word' id='word_1_132' title='bbox 526 1508 590 1557; x_wconf 79' lang='lat' dir='ltr'>tetra</span> <span class='ocrx_word' id='word_1_133' title='bbox 600 1500 691 1568; x_wconf 90' lang='lat' dir='ltr'>libido,</span> 
     </span>
    </p>

    <p class='ocr_par' dir='ltr' id='par_1_8' title="bbox 97 1576 898 1796">
     <span class='ocr_line' id='line_1_20' title="bbox 97 1576 806 1649; baseline 0.001 -19"><span class='ocrx_word' id='word_1_134' title='bbox 97 1579 168 1633; x_wconf 79' lang='lat' dir='ltr'>»huc</span> <span class='ocrx_word' id='word_1_135' title='bbox 178 1578 286 1633; x_wconf 86' lang='lat' dir='ltr'>iuvenes</span> <span class='ocrx_word' id='word_1_136' title='bbox 296 1594 411 1649; x_wconf 80' lang='lat' dir='ltr'>aequum</span> <span class='ocrx_word' id='word_1_137' title='bbox 421 1584 460 1631; x_wconf 87' lang='lat' dir='ltr'>est</span> <span class='ocrx_word' id='word_1_138' title='bbox 468 1577 633 1641; x_wconf 84' lang='lat' dir='ltr'>descendere,</span> <span class='ocrx_word' id='word_1_139' title='bbox 645 1594 698 1631; x_wconf 86' lang='lat' dir='ltr'>non</span> <span class='ocrx_word' id='word_1_140' title='bbox 708 1576 806 1632; x_wconf 80' lang='lat' dir='ltr'>alienas</span> 
     </span>
     <span class='ocr_line' id='line_1_21' title="bbox 97 1650 898 1725; baseline 0.001 -20"><span class='ocrx_word' id='word_1_141' title='bbox 97 1652 257 1725; x_wconf 72' lang='lat' dir='ltr'>»permolere</span> <span class='ocrx_word' id='word_1_142' title='bbox 266 1668 392 1707; x_wconf 58' lang='lat' dir='ltr'>uxoren«</span> <span class='ocrx_word' id='word_1_143' title='bbox 403 1682 442 1693; x_wconf 84' lang='lat'>—-</span> <span class='ocrx_word' id='word_1_144' title='bbox 450 1650 557 1707; x_wconf 72' lang='lat' dir='ltr'>»Nolim</span> <span class='ocrx_word' id='word_1_145' title='bbox 568 1650 726 1717; x_wconf 68' lang='lat' dir='ltr'>laudunen«</span> <span class='ocrx_word' id='word_1_146' title='bbox 736 1653 832 1725; x_wconf 84' lang='lat' dir='ltr'>inquit,</span> <span class='ocrx_word' id='word_1_147' title='bbox 873 1663 898 1706; x_wconf 81' lang='lat'>35</span> 
     </span>
     <span class='ocr_line' id='line_1_22' title="bbox 97 1725 689 1796; baseline 0 -15"><span class='ocrx_word' id='word_1_148' title='bbox 97 1725 689 1796; x_wconf 62' lang='lat' dir='ltr'>»nieme«mirutcrcunnissCupieuniusalbi.</span> 
     </span>
    </p>
   </div>
   <div class='ocr_carea' id='block_1_5' title="bbox 12 1799 706 1873">
    <p class='ocr_par' dir='ltr' id='par_1_9' title="bbox 12 1799 706 1873">
     <span class='ocr_line' id='line_1_23' title="bbox 12 1799 706 1873; baseline -0.01 -12"><span class='ocrx_word' id='word_1_149' title='bbox 12 1848 22 1861; x_wconf 69' lang='lat'><em>‚</em></span> <span class='ocrx_word' id='word_1_150' title='bbox 98 1805 196 1859; x_wconf 83' lang='lat' dir='ltr'>Audire</span> <span class='ocrx_word' id='word_1_151' title='bbox 204 1810 244 1856; x_wconf 91' lang='lat' dir='ltr'>est</span> <span class='ocrx_word' id='word_1_152' title='bbox 253 1818 345 1873; x_wconf 86' lang='lat' dir='ltr'>operae</span> <span class='ocrx_word' id='word_1_153' title='bbox 354 1800 478 1871; x_wconf 88' lang='lat' dir='ltr'>pretium,</span> <span class='ocrx_word' id='word_1_154' title='bbox 490 1799 629 1870; x_wconf 86' lang='lat' dir='ltr'>procedere</span> <span class='ocrx_word' id='word_1_155' title='bbox 638 1808 706 1854; x_wconf 88' lang='lat' dir='ltr'>recte</span> 
     </span>
    </p>
   </div>
   <div class='ocr_carea' id='block_1_6' title="bbox 98 1872 898 2102">
    <p class='ocr_par' dir='ltr' id='par_1_10' title="bbox 98 1872 898 2102">
     <span class='ocr_line' id='line_1_24' title="bbox 98 1872 784 1951; baseline -0.006 -17"><span class='ocrx_word' id='word_1_156' title='bbox 98 1879 144 1951; x_wconf 88' lang='lat' dir='ltr'>qui</span> <span class='ocrx_word' id='word_1_157' title='bbox 154 1877 270 1933; x_wconf 86' lang='lat' dir='ltr'>moechis</span> <span class='ocrx_word' id='word_1_158' title='bbox 280 1892 333 1930; x_wconf 89' lang='lat' dir='ltr'>uon</span> <span class='ocrx_word' id='word_1_159' title='bbox 344 1874 435 1939; x_wconf 79' lang='lat' dir='ltr'>vultis,</span> <span class='ocrx_word' id='word_1_160' title='bbox 449 1880 480 1927; x_wconf 85' lang='lat' dir='ltr'>ut</span> <span class='ocrx_word' id='word_1_161' title='bbox 488 1874 563 1927; x_wconf 88' lang='lat' dir='ltr'>omni</span> <span class='ocrx_word' id='word_1_162' title='bbox 572 1880 645 1944; x_wconf 79' lang='lat' dir='ltr'>parte</span> <span class='ocrx_word' id='word_1_163' title='bbox 654 1872 784 1945; x_wconf 76' lang='lat' dir='ltr'>laborent3</span> 
     </span>
     <span class='ocr_line' id='line_1_25' title="bbox 98 1947 704 2027; baseline -0.01 -17"><span class='ocrx_word' id='word_1_164' title='bbox 98 1962 179 2027; x_wconf 83' lang='lat' dir='ltr'>utque</span> <span class='ocrx_word' id='word_1_165' title='bbox 188 1952 241 2007; x_wconf 87' lang='lat' dir='ltr'>illis</span> <span class='ocrx_word' id='word_1_166' title='bbox 251 1949 335 2006; x_wconf 89' lang='lat' dir='ltr'>multo</span> <span class='ocrx_word' id='word_1_167' title='bbox 345 1955 465 2022; x_wconf 81' lang='lat' dir='ltr'>corrupte</span> <span class='ocrx_word' id='word_1_168' title='bbox 475 1948 565 2005; x_wconf 82' lang='lat' dir='ltr'>dolore</span> <span class='ocrx_word' id='word_1_169' title='bbox 572 1947 704 2021; x_wconf 82' lang='lat' dir='ltr'>voluptas,</span> 
     </span>
     <span class='ocr_line' id='line_1_26' title="bbox 98 2024 898 2102; baseline -0.006 -17"><span class='ocrx_word' id='word_1_170' title='bbox 98 2038 175 2102; x_wconf 82' lang='lat' dir='ltr'>atque</span> <span class='ocrx_word' id='word_1_171' title='bbox 185 2031 325 2093; x_wconf 74' lang='lat' dir='ltr'>bacerna,</span> <span class='ocrx_word' id='word_1_172' title='bbox 336 2024 764 2099; x_wconf 75' lang='lat' dir='ltr'>cadatdurnintersaepe&#39;pericla.</span> <span class='ocrx_word' id='word_1_173' title='bbox 872 2034 898 2081; x_wconf 79' lang='lat' dir='ltr'>tu</span> 
     </span>
    </p>
   </div>
   <div class='ocr_carea' id='block_1_7' title="bbox 4 2100 845 2331">
    <p class='ocr_par' dir='ltr' id='par_1_11' title="bbox 4 2100 845 2331">
     <span class='ocr_line' id='line_1_27' title="bbox 98 2100 716 2177; baseline -0.008 -17"><span class='ocrx_word' id='word_1_174' title='bbox 98 2103 358 2177; x_wconf 82' lang='lat' dir='ltr'>Hicsepraecipitem</span> <span class='ocrx_word' id='word_1_175' title='bbox 368 2108 432 2162; x_wconf 85' lang='lat' dir='ltr'>tecto</span> <span class='ocrx_word' id='word_1_176' title='bbox 441 2100 527 2157; x_wconf 85' lang='lat' dir='ltr'>dedit:</span> <span class='ocrx_word' id='word_1_177' title='bbox 548 2101 594 2157; x_wconf 87' lang='lat' dir='ltr'>ille</span> <span class='ocrx_word' id='word_1_178' title='bbox 605 2100 716 2177; x_wconf 79' lang='lat' dir='ltr'>flagellis</span> 
     </span>
     <span class='ocr_line' id='line_1_28' title="bbox 4 2176 742 2252; baseline -0.008 -15"><span class='ocrx_word' id='word_1_179' title='bbox 4 2232 5 2237; x_wconf 73' lang='grc'>,</span> <span class='ocrx_word' id='word_1_180' title='bbox 98 2180 130 2235; x_wconf 85' lang='lat' dir='ltr'>ad</span> <span class='ocrx_word' id='word_1_181' title='bbox 139 2188 248 2236; x_wconf 88' lang='lat' dir='ltr'>mortem</span> <span class='ocrx_word' id='word_1_182' title='bbox 258 2195 362 2233; x_wconf 81' lang='lat' dir='ltr'>caesus:</span> <span class='ocrx_word' id='word_1_183' title='bbox 383 2176 488 2252; x_wconf 82' lang='lat' dir='ltr'>fugiens</span> <span class='ocrx_word' id='word_1_184' title='bbox 499 2178 544 2234; x_wconf 90' lang='lat' dir='ltr'>hic</span> <span class='ocrx_word' id='word_1_185' title='bbox 553 2178 648 2233; x_wconf 90' lang='lat' dir='ltr'>decidit</span> <span class='ocrx_word' id='word_1_186' title='bbox 657 2194 742 2234; x_wconf 78' lang='lat' dir='ltr'>acrem</span> 
     </span>
     <span class='ocr_line' id='line_1_29' title="bbox 97 2248 845 2331; baseline -0.005 -20"><span class='ocrx_word' id='word_1_187' title='bbox 97 2256 258 2331; x_wconf 84' lang='lat' dir='ltr'>praedonum</span> <span class='ocrx_word' id='word_1_188' title='bbox 269 2254 297 2309; x_wconf 93' lang='lat' dir='ltr'>in</span> <span class='ocrx_word' id='word_1_189' title='bbox 306 2248 426 2310; x_wconf 81' lang='lat' dir='ltr'>turbc&#39;m:</span> <span class='ocrx_word' id='word_1_190' title='bbox 447 2254 520 2310; x_wconf 89' lang='lat' dir='ltr'>dedit</span> <span class='ocrx_word' id='word_1_191' title='bbox 528 2254 573 2309; x_wconf 93' lang='lat' dir='ltr'>hic</span> <span class='ocrx_word' id='word_1_192' title='bbox 581 2272 630 2328; x_wconf 89' lang='lat' dir='ltr'>pro</span> <span class='ocrx_word' id='word_1_193' title='bbox 645 2270 749 2325; x_wconf 86' lang='lat' dir='ltr'>corpore</span> <span class='ocrx_word' id='word_1_194' title='bbox 764 2270 845 2308; x_wconf 91' lang='lat' dir='ltr'>uum-</span> 
     </span>
    </p>
   </div>
   <div class='ocr_carea' id='block_1_8' title="bbox 591 2347 663 2384">
    <p class='ocr_par' dir='ltr' id='par_1_12' title="bbox 591 2347 663 2384">
     <span class='ocr_line' id='line_1_30' title="bbox 591 2347 663 2384; baseline 0 -1"><span class='ocrx_word' id='word_1_195' title='bbox 591 2347 663 2384; x_wconf 84' lang='lat' dir='ltr'><strong>mos:</strong></span> 
     </span>
    </p>
   </div>
   <div class='ocr_carea' id='block_1_9' title="bbox 5 2401 760 2477">
    <p class='ocr_par' dir='ltr' id='par_1_13' title="bbox 5 2401 760 2477">
     <span class='ocr_line' id='line_1_31' title="bbox 5 2401 760 2477; baseline -0.004 -17"><span class='ocrx_word' id='word_1_196' title='bbox 5 2422 9 2451; x_wconf 73' lang='grc' dir='ltr'>ι</span> <span class='ocrx_word' id='word_1_197' title='bbox 97 2408 168 2460; x_wconf 87' lang='lat' dir='ltr'>hunc</span> <span class='ocrx_word' id='word_1_198' title='bbox 177 2406 378 2477; x_wconf 83' lang='lat' dir='ltr'>perminxerunt</span> <span class='ocrx_word' id='word_1_199' title='bbox 386 2404 502 2472; x_wconf 79' lang='lat' dir='ltr'>calones3</span> <span class='ocrx_word' id='word_1_200' title='bbox 525 2404 679 2475; x_wconf 84' lang='lat' dir='ltr'>quinetiam</span> <span class='ocrx_word' id='word_1_201' title='bbox 693 2401 760 2457; x_wconf 87' lang='lat' dir='ltr'>iilud</span> 
     </span>
    </p>
   </div>
   <div class='ocr_carea' id='block_1_10' title="bbox 97 2477 897 2713">
    <p class='ocr_par' dir='ltr' id='par_1_14' title="bbox 97 2477 897 2713">
     <span class='ocr_line' id='line_1_32' title="bbox 98 2477 897 2551; baseline -0.005 -16"><span class='ocrx_word' id='word_1_202' title='bbox 98 2481 198 2546; x_wconf 84' lang='lat' dir='ltr'>accidit,</span> <span class='ocrx_word' id='word_1_203' title='bbox 211 2489 240 2535; x_wconf 90' lang='lat' dir='ltr'>ut</span> <span class='ocrx_word' id='word_1_204' title='bbox 249 2480 354 2536; x_wconf 79' lang='lat' dir='ltr'>cuidem</span> <span class='ocrx_word' id='word_1_205' title='bbox 365 2488 442 2535; x_wconf 84' lang='lat' dir='ltr'>testes</span> <span class='ocrx_word' id='word_1_206' title='bbox 452 2478 617 2551; x_wconf 82' lang='lat' dir='ltr'>caudamque</span> <span class='ocrx_word' id='word_1_207' title='bbox 629 2477 741 2533; x_wconf 84' lang='lat' dir='ltr'>salacem</span> <span class='ocrx_word' id='word_1_208' title='bbox 871 2485 897 2532; x_wconf 86' lang='lat' dir='ltr'>t5</span> 
     </span>
     <span class='ocr_line' id='line_1_33' title="bbox 97 2553 806 2629; baseline -0.003 -18"><span class='ocrx_word' id='word_1_209' title='bbox 97 2557 253 2611; x_wconf 84' lang='lat' dir='ltr'>demeterent</span> <span class='ocrx_word' id='word_1_210' title='bbox 262 2555 339 2611; x_wconf 86' lang='lat' dir='ltr'>ferro.</span> <span class='ocrx_word' id='word_1_211' title='bbox 360 2556 569 2622; x_wconf 78' lang='lat' dir='ltr'>»Iurenomnes;</span> <span class='ocrx_word' id='word_1_212' title='bbox 591 2553 675 2608; x_wconf 85' lang='lat' dir='ltr'>Galba</span> <span class='ocrx_word' id='word_1_213' title='bbox 685 2555 806 2629; x_wconf 74' lang='lat' dir='ltr'>negabat</span> 
     </span>
     <span class='ocr_line' id='line_1_34' title="bbox 98 2629 731 2713; baseline -0.006 -26"><span class='ocrx_word' id='word_1_214' title='bbox 98 2632 187 2687; x_wconf 86' lang='lat' dir='ltr'>Tutior</span> <span class='ocrx_word' id='word_1_215' title='bbox 196 2637 221 2686; x_wconf 80' lang='lat' dir='ltr'>at</span> <span class='ocrx_word' id='word_1_216' title='bbox 230 2638 329 2705; x_wconf 79' lang='lat' dir='ltr'>quanto</span> <span class='ocrx_word' id='word_1_217' title='bbox 338 2647 414 2713; x_wconf 70' lang='lat' dir='ltr'>merx</span> <span class='ocrx_word' id='word_1_218' title='bbox 423 2636 462 2684; x_wconf 84' lang='lat' dir='ltr'>est</span> <span class='ocrx_word' id='word_1_219' title='bbox 472 2630 500 2684; x_wconf 92' lang='lat' dir='ltr'>in</span> <span class='ocrx_word' id='word_1_220' title='bbox 508 2629 591 2685; x_wconf 85' lang='lat' dir='ltr'>classe</span> <span class='ocrx_word' id='word_1_221' title='bbox 602 2629 731 2697; x_wconf 79' lang='lat' dir='ltr'>secunda,</span> 
     </span>
    </p>
   </div>
   <div class='ocr_carea' id='block_1_11' title="bbox 0 0 1044 3067">
    <p class='ocr_par' dir='ltr' id='par_1_15' title="bbox 0 0 1044 3067">
     <span class='ocr_line' id='line_1_35' title="bbox 0 0 1044 3067; baseline 0 0"><span class='ocrx_word' id='word_1_222' title='bbox 0 0 1044 3067; x_wconf 95' lang='lat' dir='ltr'> </span> 
     </span>
    </p>
   </div>
  </div>
 </body>
</html>
