2067 3067
283 196 353 243 LIB.
373 197 396 243 Ι.
424 198 546 243 EPIST.
566 199 599 245 V.
764 195 815 250 245

70 312 194 367 supremo
204 302 229 349 te
238 294 292 349 sole
302 295 383 360 domi,
392 298 530 368 Torquate,
541 297 662 352 manebo.

4 405 6 416 ι
70 373 139 426 Vina
148 371 232 436 bibes,
247 370 343 424 iterum
353 371 439 426 Tauro
449 371 544 426 diffuse
552 371 682 444 palustres

70 444 703 517 interMinturnasSinuessanumquePetrinum.
856 459 868 501 5

71 521 119 574 Sin
130 518 224 574 melius
237 519 304 590 quid
314 518 404 584 hebes,
416 537 524 585 arcesse,
536 520 579 576 vel
592 521 733 592 imperium
746 521 793 576 ler.

26 595 32 609 '
71 593 232 649 Iamdudum
241 591 360 664 splendet
369 593 442 648 locus
452 602 477 648 et
486 595 536 650 tibi
545 596 649 651 munda
659 595 789 667 supellex.

70 670 143 724 Mitte
152 667 223 724 leves
231 685 301 738 spes,
312 675 337 722 et
345 669 486 724 certamina
495 669 659 735 divitiorum,

70 751 97 797 et
105 742 205 798 Moschi
214 759 331 797 causum.
370 743 503 800 Crasneto
512 744 711 800 cauareletus

70 818 116 872 dat
126 818 231 872 veniam
241 831 419 890 somnumque
429 819 497 872 dieo:
520 820 629 891 impune
639 819 727 875 licebit

71 893 197 948 aestivam
207 908 327 947 sermone
338 892 454 968 benigno
464 891 568 948 tendere
580 902 692 948 noctem,

71 967 131 1033 Quo
140 967 206 1021 mihi
216 966 358 1032 fortunam,
370 968 394 1021 si
403 984 455 1022 non
467 967 617 1023 conceditur
627 968 686 1023 uti‘l

72 1045 169 1096 Parcus
178 1042 212 1096 ob
221 1041 429 1096 heredisourom
438 1042 608 1115 cliniumque
617 1061 733 1109 severus,

72 1116 174 1171 adsidet
184 1117 290 1172 insano:
310 1123 399 1187 potere
407 1123 433 1170 et
442 1132 565 1190 spargere
572 1115 647 1172 flores

72 1191 207 1262 incipiam,
220 1191 357 1264 patiorque
366 1190 407 1247 vel
419 1191 584 1247 inconsultus
593 1193 694 1250 heberi.

72 1264 145 1332 Quid
153 1283 205 1321 non
214 1266 324 1322 ebrietas
333 1265 471 1340 designet?
488 1266 584 1339 Operta
595 1267 713 1333 recludit,

4 1401 6 1412 Ι
73 1358 133 1412 spes
144 1341 216 1396 iubet
225 1358 282 1396 esse
291 1348 369 1407 rotas,
381 1342 414 1396 ed
423 1340 522 1414 proelia
532 1343 615 1398 trudit
624 1344 747 1412 inertem;

4 1445 5 1450 κ
73 1416 192 1472 sollicitis
202 1415 299 1471 animis
307 1433 376 1472 onus
389 1417 490 1482 eximit,
502 1417 610 1474 addocet
619 1426 696 1473 artes.

73 1491 191 1547 Focundi
201 1490 293 1546 calices
302 1508 383 1562 quem
396 1508 449 1546 uon
460 1491 541 1546 iecere
552 1493 699 1549 disertum?

73 1572 204 1620 contracto
213 1581 294 1635 quem
306 1581 358 1618 non
369 1565 398 1618 in
407 1573 558 1636 paupertate
565 1565 700 1620 solutum?

73 1641 143 1693 Haeo
152 1654 201 1710 ego
210 1653 348 1708 procurare
356 1644 381 1691 et
391 1636 500 1692 idoneus
512 1638 627 1710 imperor
634 1646 660 1694 et
668 1657 720 1693 non

75 1712 186 1776 invitus,
198 1728 232 1766 ne
240 1718 316 1782 tur-pe
324 1709 399 1776 torol,
411 1727 445 1765 ne
453 1709 559 1766 sordido
568 1729 666 1784 mappa

75 1803 151 1842 oorru
171 1792 294 1854 etnereo3
316 1801 350 1840 ne
358 1801 412 1840 non
422 1790 447 1839 et
455 1785 702 1840 cantharusetlonx

75 1803 300 1930 ootenlattibite3
318 1859 429 1916 nefidos
439 1859 614 1914 interemicoo

76 1938 120 2003 sit,
133 1936 181 2008 qui
191 1935 259 1991 dioto
268 1933 338 1991 fores
349 1933 479 2003 eliminet;
501 1941 532 1989 ut
542 1941 615 1990 ooeot
624 1951 673 2006 por

77 2010 334 2086 iungaturquepori.
371 2011 480 2072 Butram
488 2009 537 2064 tibi
549 2009 746 2082 Septiciumque

76 2095 110 2154 et,
123 2087 175 2142 nisi
185 2103 264 2141 coeno
274 2085 346 2158 prior
354 2085 491 2159 potiorque
499 2085 587 2158 puella
597 2085 727 2141 Sabinum

77 2162 183 2226 detinet,
196 2161 349 2230 adsumam
369 2159 442 2218 locus
451 2167 490 2215 eet
499 2169 525 2216 et
532 2160 656 2234 pluribus
667 2159 780 2225 umbris,

78 2237 125 2291 sed
135 2238 415 2308 nimisurtepremunt
423 2234 508 2292 olidae
517 2237 638 2292 convivia
648 2252 750 2307 copiae.

78 2313 128 2377 Tu,
141 2319 239 2384 quotue
247 2327 305 2366 esso
318 2311 392 2378 velie,
403 2310 526 2379 rescribe,
538 2318 564 2366 et
572 2311 652 2366 rebus
662 2310 768 2365 omissis

78 2387 144 2442 atrio
153 2393 302 2443 servantem
314 2387 413 2460 postico
422 2384 483 2442 folle
491 2385 623 2442 clientem.
785 2390 788 2397 '
