2067 3067
234 131 283 185 ⁴28

450 407 475 462 0
505 406 536 460 D
565 405 592 461 E
648 406 755 463 XIV.

359 522 405 566 au
429 522 618 565 caesarum
630 495 846 569 'auuusrum

269 727 329 774 Quod
337 726 374 763 anb
383 723 478 774 auspiciis
484 723 572 772 Augurii
579 725 658 764 Druaur
669 726 775 764 Genium·
780 753 788 772 ,
801 727 895 766 Tiberim
909 736 976 768 autem

233 791 320 829 Rhoetea
328 789 417 826 feliciter
425 787 557 832 debellarint,
572 789 670 832 exsultat,
682 795 701 826 et
710 789 773 839 ipaiua
784 791 870 830 caesaris
880 793 975 832 victorin

233 852 378 902 imperiumque
387 851 473 888 extollit.
497 853 559 890 Matr.
568 850 625 888 XVI.

271 936 421 1012 Quaecura
431 948 537 1000 Patrum
547 964 647 1018 quaeve
656 947 798 1014 Quiritium
835 948 838 958 '

268 1021 354 1093 plenis
363 1022 493 1075 bonorum
503 1023 658 1076 muneribus
668 1030 735 1087 tuas,

243 1097 246 1102 ’
305 1096 433 1168 Auguste,
446 1096 554 1148 virtutes
564 1096 592 1149 in
604 1114 699 1150 aevum

264 1191 277 1215 ο
342 1185 390 1239 per
400 1168 487 1222 titulos
497 1186 678 1240 memoresque
687 1169 766 1226 fastos
829 1192 838 1196 ·

269 1258 398 1312 aeternet?
415 1275 431 1312 0
440 1276 493 1328 qua
503 1258 542 1311 sol
552 1259 707 1313 habitabiles

270 1332 458 1396 illustratores,
470 1332 585 1386 maxime
595 1334 759 1405 principum,

306 1424 387 1478 quem
397 1406 462 1477 legis
471 1414 589 1476 expertes
598 1409 705 1462 Latinae

343 1481 472 1535 Vindelici
481 1480 594 1535 didicere
605 1499 697 1552 nuper,
742 1483 743 1488 ’

270 1588 336 1660 quid
345 1590 425 1644 Marte
433 1606 533 1659 posses.
572 1588 654 1643 Milite
664 1608 725 1645 nam
737 1598 781 1646 tuo

268 1665 369 1717 Drusus
379 1663 529 1726 Genaunes,
542 1662 712 1734 implacidum
721 1683 813 1738 genus,

305 1738 474 1808 Breunosque
482 1736 592 1801 veloces,
604 1745 629 1792 et
638 1756 708 1792 arces

342 1810 455 1882 Alpibus
465 1813 599 1883 impositas
609 1814 750 1867 tremendis

269 1901 361 1956 deiecit
370 1921 427 1957 acer
436 1903 498 1973 plus
509 1904 565 1957 vice
574 1903 701 1972 simplici:

268 1977 351 2030 maior
361 1979 494 2031 Neronum
504 1994 566 2030 mox
576 1993 655 2048 grave
664 1976 792 2046 proelium

306 2051 447 2113 commisit,
459 2052 640 2119 immanesque
650 2051 741 2104 Raetos

342 2124 466 2194 auspiciis
475 2123 576 2193 pepulit
585 2123 720 2191 secundis3

267 2214 424 2286 spectandus
434 2215 462 2268 in
471 2214 612 2268 certamine
621 2214 721 2278 Martio,

268 2291 360 2345 devota
371 2289 446 2342 morti
457 2295 558 2358 pectora
569 2287 663 2341 liberae

205 2416 208 2422 .
306 2364 411 2435 quantis
421 2362 538 2434 fatigaret
548 2362 646 2416 ruinis:

343 2437 483 2492 indomitas
492 2453 572 2506 prope
582 2434 668 2506 qualis
678 2435 763 2490 undas

262 2537 367 2603 'exercet
377 2527 478 2590 Auster,
490 2526 624 2580 Pleiadum
634 2527 712 2580 choro

268 2600 401 2656 scindente
411 2602 510 2669 nubes;
532 2600 644 2675 impiger
656 2598 772 2655 hostium
