2067 3067
215 91 266 147 224
469 96 711 144 SATYRARUU

216 194 313 269 gaudia
323 194 475 265 prodentem
487 196 593 251 vultum
602 196 695 253 eelare.
733 195 891 267 Sepulcrum

162 282 202 326 1⁰5
216 269 376 341 permissum
386 270 493 325 arbitrio
503 272 561 326 sine
570 270 694 325 sordibus
706 280 824 325 exstrue:
846 270 932 326 sunus

217 344 320 419 egregie
329 343 427 399 factum
437 344 526 401 laudet
535 346 643 401 vicinia.
682 345 782 417 Siquis

216 418 281 474 forte
290 418 448 475 coheredum
458 422 546 475 senior
555 420 624 475 male
633 421 734 485 tussiet,
747 420 811 474 huie
824 427 852 473 tu

217 494 268 560 die,
280 512 313 550 ex
322 502 395 567 perte
404 503 457 560 tua¹
470 513 517 549 seu
526 493 604 550 lundi
614 496 672 550 sive
681 495 776 549 domus
786 495 820 548 sit

217 578 309 636 emtor,
320 570 479 645 gaudentem
490 587 602 627 nummo
611 577 636 625 te
646 570 820 625 addieere.—
837 570 891 625 Sed
900 589 948 626 me

164 656 203 698 110
216 646 356 717 imperiosa
368 646 446 701 trahit
455 647 623 717 Proserpina:
644 646 706 702 vive
720 644 839 718 valeque.

410 845 662 907 SATYRA
711 844 778 901 Ἢ.

273 1083 297 1119 ln
306 1080 380 1119 sibino
389 1094 425 1119 suo
432 1081 533 1126 deridens,
542 1081 604 1120 vitm
614 1081 708 1119 rusticam
718 1080 821 1129 otiumque
830 1080 906 1117 laudnt.

254 1173 316 1235 Hoc
325 1188 379 1237 erat
388 1181 417 1235 iu
428 1181 510 1235 votis:
532 1179 627 1238 modus
637 1180 694 1254 agri
705 1198 757 1235 non
768 1180 802 1235 ita
812 1197 939 1253 magnus,

217 1256 309 1309 hortus
319 1256 376 1319 ubi,
388 1260 413 1307 et
422 1262 488 1309 teoto
498 1255 604 1313 vicinus
614 1256 686 1329 iugis
698 1272 784 1328 aquae
792 1254 862 1319 leus,

217 1337 243 1385 et
251 1328 372 1401 paullum
383 1328 465 1384 silvae
474 1329 689 1402 superhisforet.
729 1330 930 1403 Auctiusatque

217 1403 451 1460 dtmeliusleeere.
490 1405 621 1461 Beneest:
643 1404 682 1459 nil
692 1404 807 1477 amplius
816 1424 871 1470 oro,

163 1494 175 1535 5
218 1480 286 1534 Maia
296 1486 364 1544 nate,
376 1478 429 1533 nisi
439 1487 469 1534 ut
477 1481 583 1553 propria
592 1480 657 1536 haee
665 1480 734 1535 mihi
743 1497 852 1537 munera
861 1478 943 1535 laxis.

167 1606 169 1611 a
218 1555 246 1610 Si
256 1572 341 1627 neque
350 1554 476 1611 maiorem
485 1554 535 1610 leui
545 1556 644 1611 ratione
653 1554 722 1611 mala
734 1573 800 1620 rem,

219 1648 267 1685 nee
279 1648 340 1685 sum
349 1629 466 1686 facturus
475 1632 540 1686 vitio
549 1631 660 1703 culpave
670 1631 813 1696 minerem;

217 1707 239 1759 si
250 1722 358 1761 veneror
368 1705 465 1761 stultus
475 1706 545 1763 nihil
555 1708 665 1762 horum:
687 1705 728 1761 »Ο
738 1705 761 1760 si
771 1704 887 1778 angulus
898 1706 943 1760 ille

218 1781 374 1851 »proximus
384 1781 495 1847 accedat,
507 1782 556 1853 qui
566 1799 638 1837 nune
645 1781 781 1837 denormat
790 1779 906 1852 agellum
914 1782 940 1834 ta

164 1867 189 1909 tu
218 1857 284 1909 »osi
295 1874 392 1913 urnam
401 1858 504 1932 argenti
513 1857 567 1912 fors
576 1856 721 1930 quaemihi
731 1862 866 1920 monstret¹
875 1863 905 1910 ut
914 1856 964 1920 illi,

217 1930 355 1987 »thesauro
365 1932 472 1988 inventa
481 1933 530 2005 qui
540 1932 716 1988 mereenarius
726 1948 819 2005 agrum

217 2005 312 2060 »illum
323 2007 411 2079 ipsum
422 2014 552 2067 mercatus
562 2009 654 2072 aravit,
666 2006 741 2061 dives
750 2005 834 2061 amieo

217 2081 344 2137 »Herude
352 2080 376 2135 l«
396 2081 419 2135 si
430 2080 502 2153 quod
512 2080 593 2148 adest,
605 2089 710 2157 gratum
719 2080 806 2136 iuvat:
827 2080 878 2135 hae
889 2097 966 2151 preee

712 2164 803 2217 teum:

219 2231 320 2305 pingue
331 2246 412 2302 pecus
422 2226 629 2294 domnolenus,
641 2239 666 2285 et
675 2239 766 2296 uetera,
777 2236 877 2302 praeter

164 2316 189 2359 15
217 2306 369 2379 ingenium3
384 2312 467 2376 utque
475 2302 553 2370 soles,
564 2313 651 2361 erutos
661 2306 728 2360 mihi
737 2305 872 2360 maximus
881 2302 963 2359 adsis.

217 2382 297 2453 Ergo,
304 2381 351 2434 ubi
361 2398 404 2435 me
414 2380 442 2435 iu
451 2387 553 2437 mentes
563 2388 588 2436 et
596 2380 625 2435 in
635 2398 721 2435 areem
730 2399 763 2435 ex
774 2381 842 2435 Urbe
852 2381 961 2445 removi,

217 2455 284 2525 quid
296 2456 370 2524 prius
382 2453 511 2510 illustrem
520 2455 612 2510 Satiris
621 2458 750 2527 Musaque
757 2453 890 2525 pedestri?

217 2530 270 2585 Nee
280 2528 348 2582 mala
358 2546 401 2583 me
409 2530 523 2598 ambitio¹
527 2530 613 2601 perdit
624 2548 673 2587 nee
681 2529 824 2599 plumbeus
833 2529 928 2583 Auster

217 2609 414 2675 autumnusque
423 2603 522 2679 gravis,
537 2604 668 2663 libitinae
676 2610 801 2677 quaestus
811 2602 928 2659 acerbae.
