2067 3067
219 159 268 214 rol
488 162 692 212 ODARUM
747 161 750 166 '

253 273 284 321 tu
293 283 375 320 curva
384 266 484 320 recines
494 264 553 339 lyra

292 342 419 396 Latonam
428 348 454 394 et
463 340 555 394 celeris
567 335 668 410 spicula
678 337 820 411 Cynthiae:

255 433 361 470 summo
370 433 494 479 ourmme
506 431 575 486 quac
585 412 690 468 Gnidon

292 489 552 562 fulgentesquetenet
561 487 696 561 Cycladas
712 493 737 540 et
747 487 853 558 Paphon

162 574 190 620 lc
255 565 352 619 runctrs
361 565 423 618 vrsrt
432 564 560 619 oloribus

256 641 396 694 Dicetur
406 640 498 706 merita
508 640 568 693 Nox
577 653 683 708 quoque
693 636 781 691 nenia.

425 840 451 896 0
481 838 511 894 D
541 836 568 894 Ε
625 835 771 892 XXIX.

311 959 359 1001 nu
382 959 407 1001 c.
430 947 586 1001 οιιΝιιιιι
608 954 869 999 mansurarum

507 1075 671 1084 ——----—-

219 1161 289 1202 Medic
297 1167 370 1199 senato
379 1159 452 1197 invitat
462 1173 507 1196 cum
516 1161 541 1196 ad
550 1173 570 1196 re
579 1159 601 1195 in
611 1158 719 1202 Sabinum,
729 1159 764 1196 ubi
774 1166 803 1204 ut,
813 1159 891 1196 omissis
901 1173 969 1196 rerum

251 1224 344 1273 puiblcar
334 1235 379 1260 rum
387 1223 449 1267 curis,
458 1223 524 1260 hilare
533 1220 779 1268 ru,eceurxrdgtlrortutur·⁸
805 1222 936 1262 Metr.xv1.

258 1310 404 1392 Tyrrhena
413 1335 507 1390 regum
516 1334 664 1391 progemes
675 1315 725 1370 libi

258 1412 311 1448 non
321 1401 381 1447 ante
390 1410 465 1447 verso
475 1392 534 1445 leue
544 1409 648 1446 merum
658 1390 731 1454 cado,

295 1467 438 1532 cumdum,
450 1469 594 1532 Maecenas,
607 1483 736 1530 rosarum,
748 1471 773 1518 et

331 1560 422 1614 pressa
431 1543 484 1596 turs
493 1540 606 1596 balanus
619 1540 721 1611 capillis

258 1633 416 1689 ramdudum
425 1632 497 1704 apud
506 1651 550 1686 me
559 1640 607 1686 est
645 1631 864 1702 Eripetemorae‚
908 1637 914 1648 '

258 1726 292 1764 ne
300 1727 403 1780 semper
413 1709 498 1764 udum
508 1709 591 1762 Tibur
603 1714 628 1761 et
638 1706 749 1761 Aesulae

295 1784 395 1839 declive
404 1783 587 1854 contempleris
596 1799 700 1847 arvum,
711 1789 736 1836 et

333 1859 456 1932 Telegoni
467 1860 529 1931 iuga
541 1857 695 1930 parricidae.
706 1897 710 1908 ,
775 1859 778 1863 '

257 1951 431 2005 Fastidiosam
442 1949 531 2003 desere
541 1950 643 2020 copiam
654 1955 679 2002 et

258 2025 354 2079 molem
365 2025 543 2096 propinquam
554 2024 673 2078 nubibus
683 2022 787 2077 arduis:

295 2099 385 2153 omitte
395 2098 485 2151 mirari
495 2099 585 2151 beatae

291 2220 300 2226 .
332 2171 438 2226 fumum
448 2180 473 2225 et
482 2189 544 2242 opes
553 2173 745 2243 strepitumque
754 2172 860 2227 Romae.

258 2263 417 2336 Plerumque
426 2272 513 2336 gratae
523 2262 652 2317 divitibus
663 2262 740 2327 vices,

258 2338 427 2411 mundaeque
435 2356 516 2409 parvo
526 2339 577 2392 sub
591 2337 643 2392 lare
653 2354 800 2409 pauperum

296 2431 397 2479 coenae,
410 2415 468 2468 sine
477 2413 576 2468 aulaeis
586 2421 611 2467 et
619 2421 698 2477 ostro,

333 2488 470 2543 sollicitam
480 2488 628 2560 explicuere
642 2488 763 2542 frontem.

259 2562 317 2635 lam
325 2580 412 2636 clarus
421 2580 553 2637 occultum
563 2579 745 2636 Andromedae
754 2586 826 2650 pater

258 2655 370 2710 ostendit
380 2657 486 2730 ignem:
505 2657 559 2711 iam
570 2659 688 2731 Procyon
700 2654 765 2710 furit
