2067 3067
310 177 382 225 LIB.
401 178 434 225 Π.
468 180 550 227 8ΑΤ.
569 180 616 230 Ν.
780 178 833 236 2Π

280 422 528 481 SATYRA
573 425 635 481 lv.

121 672 201 711 Derieis
219 670 242 709 iu
259 669 357 720 superiori
375 676 440 721 satyro
453 668 534 715 stoicis,
553 670 574 707 in
590 670 628 708 huc
645 672 669 709 de
684 671 830 721 Epicureorum

87 737 179 775 doctrina
192 734 265 785 agitur,
279 740 299 772 et
312 734 335 771 ab
349 734 405 773 cutio
418 734 503 784 quodem
516 734 610 783 anonymi
623 734 725 773 cuiusdam
732 736 830 786 Epicurei

88 803 112 839 de
125 800 190 851 epulis
203 798 297 848 vinisque
307 802 326 835 et
335 796 418 847 reliqui·
431 798 574 845 neclegentem
586 797 762 850 delicatioremque
770 802 830 839 vitem

86 864 242 913 reeteeligendis
251 867 357 912 praecepte
365 860 487 899 referuntur.

125 954 197 1017 Hor.
213 960 286 1015 Unde
305 968 330 1015 et
349 976 403 1034 quo
421 958 530 1017 Catius?
556 979 610 1017 cur.
631 962 688 1016 Non
708 971 747 1016 est
765 966 831 1018 mihi

580 1043 683 1107 tempus
696 1040 782 1091 aventi

87 1128 185 1185 ponere
194 1111 270 1185 signa
279 1110 356 1166 novis
364 1112 516 1183 praeoeptis,
529 1110 619 1183 qualia
629 1112 735 1166 vincant

2 1198 4 1261 g
89 1188 254 1262 Pythagoran
263 1186 398 1316 Anptique
407 1200 481 1241 reum
492 1185 651 1259 doctumque
660 1185 776 1243 Piawna.

89 1282 146 1318 nor.
159 1265 294 1317 Peccatum
318 1265 396 1328 ieeur,
407 1278 493 1335 quum
502 1268 527 1316 te
536 1262 575 1316 sie
584 1268 701 1334 tempore
711 1264 784 1319 laevo

89 1337 289 1410 interpellarim:
311 1338 357 1393 sed
366 1337 412 1393 des
421 1338 526 1393 veniam
536 1338 633 1403 bonus,
647 1355 702 1394 oro.
877 1353 888 1392 5

89 1412 188 1480 Quodsi
198 1413 357 1468 interciderit
366 1413 414 1467 tibi
424 1428 496 1469 nunc
508 1412 619 1485 aliquid,
633 1420 732 1485 repetes
743 1429 814 1479 mox,

89 1489 145 1544 sive
154 1495 192 1543 est
201 1496 308 1543 naturae
318 1488 367 1543 hoe
376 1488 432 1542 sive
442 1489 513 1553 artis,
525 1490 610 1542 mirus
622 1496 744 1561 utroque.

89 1581 143 1619 err.
158 1563 229 1629 Quin
240 1562 268 1615 id
277 1569 330 1615 erat
340 1576 426 1625 curae,
438 1578 492 1633 quro
501 1570 577 1633 paeto
586 1565 679 1617 cuneta
688 1573 812 1630 tenerem,

89 1645 178 1709 utpote
187 1653 229 1690 res
240 1643 338 1700 tenues,
350 1634 423 1690 tenui
433 1650 553 1689 sermone
562 1643 688 1706 peractas.

90 1730 148 1766 nor.
161 1710 217 1765 Ede
231 1709 346 1764 hominis
365 1720 474 1763 nomen:
500 1705 580 1762 simul
599 1718 635 1772 et,
653 1707 787 1766 Romanus
802 1732 834 1767 an

580 1782 630 1837 hos
680 1828 685 1837 .
865 1800 890 1840 10

91 1878 145 1916 err.
159 1861 219 1932 Ipsa
228 1875 328 1913 memor
337 1862 471 1930 praecepta
484 1872 586 1921 canem,
601 1871 630 1910 ee
640 1853 728 1912 abitur
737 1868 834 1915 auctor.

91 1938 181 2008 Longa
191 1934 290 2008 quibus
300 1933 378 1989 facies
388 1932 446 2003 ovis
456 1932 513 1997 erit,
526 1930 571 1986 illa
581 1940 720 1999 memento,

92 2019 122 2066 ut
131 2010 202 2065 succi
211 2008 326 2064 melioris
336 2016 361 2063 et
371 2015 400 2063 ut
409 2008 495 2082 magis
506 2008 575 2063 alma
585 2008 714 2073 rotundis,

91 2104 200 2159 ponere:
221 2102 337 2157 namque
346 2100 446 2139 marem
455 2084 577 2139 cohibent
585 2083 680 2139 callosa
691 2084 820 2140 vitellum.

93 2162 172 2218 Caule
181 2161 342 2226 suburbano,
355 2160 403 2233 qui
412 2160 489 2215 sicois
502 2161 584 2215 crevit
591 2161 619 2214 in
630 2160 701 2234 agris
740 2234 743 2238 1
865 2171 889 2212 15

3 2233 8 2255 ‘
92 2236 206 2291 dulcior:
227 2236 328 2309 irriguo
341 2234 408 2289 nihil
420 2243 459 2291 est
468 2235 566 2290 elutius
575 2233 659 2289 horto.

92 2312 120 2365 Si
130 2312 294 2383 vespertinus
305 2310 392 2366 subito
403 2317 426 2365 te
435 2312 593 2384 oppresserit
601 2311 705 2382 hospes,

93 2404 126 2439 ne
135 2384 233 2458 gallina
245 2386 346 2441 malum
358 2394 491 2459 responset
500 2385 670 2515 durapelato‚

93 2459 344 2517 doetuserisvivam
355 2468 561 2517 mustomersare
593 2460 694 2515 alerno:

92 2534 142 2588 hoo
151 2541 264 2591 teneram
273 2534 358 2592 faciet.
397 2532 772 2607 Pratensibusoptimafungis
863 2544 889 2587 20

93 2616 247 2665 naturaest:
269 2611 328 2667 aliis
338 2609 406 2667 male
418 2610 542 2667 ereditur.
581 2609 628 2663 Illo
638 2608 756 2663 salubres

94 2690 200 2741 aestates
209 2696 323 2762 peraget,
335 2685 384 2759 qui
396 2686 480 2761 nigris
489 2683 600 2759 prandia
608 2682 689 2741 moris
