2067 3067
339 171 493 220 LIBER
528 172 582 220 111.

159 285 184 332 et
192 275 266 332 stella
277 276 367 332 verani
378 275 481 339 Leonis,
550 299 553 311 ·

195 352 250 406 sole
258 351 316 407 dies
325 350 449 405 referente
458 349 551 404 sieeos.
603 365 607 372 ·

121 454 177 506 iem
185 458 273 523 paster
282 449 391 504 umbras
400 467 462 503 eum
472 467 551 522 grege
565 448 691 522 languido

122 527 265 597 rivumque
274 525 359 579 fessus
369 525 471 596 quaerit
483 531 507 578 et
520 524 620 578 horridi

105 612 113 636 t
159 601 265 655 dumeta
274 599 389 666 Silvaui3
410 606 532 670 caretque

196 678 254 747 ripa
264 675 338 748 vagis
347 674 474 728 taciturna
485 675 581 730 ventis.

122 781 172 844 Tu,
182 779 314 834 civitatem
323 778 386 850 quis
396 778 483 832 deoeat
492 786 584 844 status,

122 871 207 918 curas,
219 861 244 907 et
256 854 318 907 Urbi
327 853 455 907 sollicitus
465 853 551 918 times,
584 855 585 859 ’

159 928 226 1000 quid
235 927 310 982 Seres
320 935 345 981 et
354 935 460 1001 regnate
469 926 539 1001 Cyro

196 1003 287 1056 Baetra
295 1010 396 1073 parent,
408 1003 557 1073 Tanaisque
566 1002 676 1057 diseors.

123 1111 242 1166 Prudens
251 1110 334 1165 futuri
343 1111 468 1181 temporis
477 1111 578 1164 exitum

122 1184 265 1259 caliginosa
275 1193 348 1240 nocte
357 1186 452 1256 premit
461 1186 526 1239 deus
534 1204 552 1256 3¹

159 1261 288 1332 ridetque,
300 1262 324 1314 si
333 1259 451 1315 mortalis
460 1260 528 1315 ultra
771 1307 774 1314 .

197 1335 237 1389 fas
245 1334 366 1407 trepidat.
405 1335 479 1402 Quod
490 1334 571 1400 adest,
584 1341 713 1390 memento

122 1460 277 1514 componere
286 1461 400 1517 aequus:
421 1452 504 1499 uetera
514 1442 633 1497 fluminis

122 1518 175 1573 ritu
185 1518 314 1584 feruutur,
327 1536 399 1574 nuno
408 1519 495 1573 medio
504 1518 579 1574 alveo

160 1611 222 1648 eum
231 1610 294 1665 paee
303 1594 448 1649 delabentis
455 1596 597 1649 Etruscum

197 1687 226 1722 iu
239 1686 319 1734 mare,
331 1686 403 1724 nune
413 1668 513 1739 lapides
526 1667 616 1742 adesos

123 1777 271 1848 stirpoeque
280 1785 365 1847 raptas
375 1783 400 1830 et
408 1793 490 1847 pecus
498 1783 523 1828 et
532 1773 624 1828 domos

122 1851 252 1907 volventis
262 1870 325 1915 uua,
338 1868 390 1906 neu
400 1852 458 1905 sine
466 1849 597 1903 mentium

160 1926 274 1982 elamore
282 1927 438 1998 vicinaeque
447 1925 544 1988 silvae:

198 2020 283 2074 quum
293 2000 347 2055 fera
355 2000 471 2056 diluvies
479 1999 582 2072 quietos

122 2111 206 2165 irritat
215 2128 316 2165 amnes.
355 2109 402 2163 llte
410 2118 502 2181 potens
511 2106 555 2161 sui

122 2186 260 2258 laetusque
269 2185 353 2258 deget,
366 2185 408 2238 cui
420 2185 478 2237 licet
488 2184 515 2236 in
526 2182 597 2236 diem

158 2260 272 2315 dixisse:
294 2260 364 2314 vixi!
386 2259 449 2314 Cres
460 2258 501 2313 vel
511 2265 565 2312 atra

198 2337 269 2390 nube
277 2335 369 2407 polum
379 2335 453 2390 Peter
462 2340 595 2404 occupato,

122 2442 164 2500 vel
175 2443 229 2497 sele
237 2461 318 2515 puro:
339 2460 393 2496 nou
403 2451 489 2496 tamen
500 2443 614 2504 irritum,

122 2519 310 2592 quodcumque
318 2526 385 2572 retro
393 2525 440 2581 est,
453 2517 560 2582 efficiet3
582 2531 667 2586 neque

158 2593 279 2666 diffinget
289 2593 468 2664 iniectumque
477 2591 575 2655 reddet,

195 2669 269 2741 quod
278 2669 384 2744 fugiens
392 2667 473 2722 semel
483 2669 547 2722 hora
558 2664 639 2721 vexit.

783 170 832 223 ⁴05

841 359 886 415 ι20
