2067 3067
320 133 549 184 nomos..
753 129 803 182 3⁰3

60 233 169 310 fingeris
180 233 213 289 ed
222 241 331 299 rectum,
343 243 368 288 et
376 253 422 306 per
431 243 456 288 te
465 236 545 306 sapis,
555 233 607 288 hcc
616 234 664 288 tihi
673 234 774 290 dictum

60 311 246 366 tellememer:
267 311 343 364 certis
352 311 470 364 medium
480 317 505 362 et
514 308 646 362 tolerabile
655 309 734 364 rebus

60 392 130 440 recte
138 384 626 439 concedi-consultusiurisetacsr

60 477 201 514 causarum
213 459 359 523 mediocris,
372 459 444 513 abest
453 459 549 513 virtute
559 457 650 511 diserti
818 469 857 511 333

60 533 195 598 Messalae,
207 551 255 588 nec
263 534 320 598 scit,
332 539 462 606 quantum
474 531 618 587 Cascellius
626 530 726 586 Aulus:

61 609 110 664 sed
119 616 206 662 tamen
214 609 243 662 in
252 609 334 679 pretio
342 616 393 662 est:
404 639 441 648 -
451 606 626 662 mediocribus
635 623 693 660 esse
701 607 792 676 pectis,

62 701 117 738 non
130 683 259 746 homines,
272 700 325 737 non
337 682 374 747 di,
386 700 439 737 non
448 698 597 736 concessere
606 680 753 736 columnae.

62 759 97 812 Ut
105 765 191 830 gretes
201 758 268 812 inter
277 774 382 812 mensas
391 757 549 830 symphonia
558 755 658 809 discors

61 840 88 887 et
96 849 214 886 crassum
224 839 390 904 unguentum
400 839 425 884 ct
433 831 515 886 Sardo
523 847 585 884 cum
595 829 672 883 melle
680 846 794 900 papaver
817 839 857 882 333

60 907 205 972 offendunt,
217 914 315 978 poterat
326 906 388 960 duci
396 906 458 977 quis
468 923 549 960 coena
556 905 614 958 sine
622 905 693 958 istis:

60 983 100 1036 sic
109 982 205 1034 animis
218 989 310 1034 natum
319 980 509 1052 inventumque
521 996 613 1050 poema
623 978 755 1042 iuvandis,

60 1054 215 1126 sipaullum
225 1071 330 1108 summo
339 1053 455 1118 decessit,
469 1055 553 1126 vergit
562 1053 596 1107 ad
604 1054 700 1113 inrum.

60 1129 164 1184 Ludere
173 1129 222 1200 qui
231 1128 321 1192 nescit,
333 1128 523 1198 campestribus
535 1128 647 1182 abstinet
655 1128 745 1191 armis,

60 1204 235 1274 indoctusque
244 1200 419 1273 pilnediscive
428 1202 545 1257 trochive
556 1202 676 1274 quiescit,
817 1211 857 1254 333

59 1295 94 1333 ne
104 1278 204 1349 spissae
213 1277 297 1332 risum
305 1276 396 1331 tollant
405 1277 514 1349 impune
523 1294 644 1337 eoronam

59 1353 109 1423 qui
119 1351 208 1416 nescit,
220 1369 313 1408 versus
323 1360 409 1408 tamen
419 1352 496 1407 audet
505 1350 621 1426 fingere?
640 1350 784 1416 rQuidnir

59 1427 160 1480 liberet
170 1427 311 1499 ingenuus,
322 1428 475 1498 praesertim
484 1445 579 1482 census
587 1434 734 1498 equestrem

59 1519 193 1558 summam
203 1517 383 1565 nummorum,
396 1501 513 1572 vitioque
522 1508 637 1556 remen
646 1501 680 1554 nh
688 1501 782 1561 omni?

59 1581 77 1630 1
88 1577 128 1629 Tu
138 1572 205 1627 nihil
219 1574 302 1627 invita
310 1572 381 1628 dices
390 1573 501 1628 faciesve
509 1575 637 1638 Minerva,
815 1584 855 1627 ³85

61 1649 90 1703 id
100 1648 148 1702 tibi
158 1646 287 1701 iudicium
296 1654 359 1711 este,
370 1664 400 1700 en
410 1664 498 1702 mens:
520 1648 544 1701 si
553 1647 789 1720 quidtemenclim

59 1722 204 1793 scripseris,
217 1722 245 1776 in
254 1721 316 1776 Meri
325 1720 463 1777 descendat
472 1720 567 1776 iudicis
581 1738 666 1786 cures,

59 1805 85 1853 et
94 1797 184 1868 petris,
191 1803 217 1850 et
226 1803 335 1862 nostras,
347 1812 500 1868 nonumque
508 1803 642 1866 prematur
650 1796 679 1849 in
689 1813 798 1860 annum,

59 1871 221 1926 membranis
229 1871 301 1925 intus
311 1871 412 1942 positis.
450 1869 540 1924 Delcre
551 1869 647 1934 licebit,

59 1946 133 2019 quod
143 1964 194 2000 non
204 1944 330 2013 edideris3
352 1945 435 2000 nescit
445 1961 496 1999 vox
507 1945 589 1998 misse
597 1944 701 1997 reverti.
815 1953 855 1996 333

98 2020 234 2076 Silvestrcs
243 2018 750 2089 hominessaccrinierpresquedecrum

59 2095 184 2150 caedibus
193 2094 297 2149 etvictu
305 2093 380 2150 foedo
388 2093 651 2164 deterruitOrpheus,

59 2170 146 2225 dictus
155 2170 189 2224 eb
199 2170 249 2223 hcc
258 2168 426 2240 leniretigres
436 2168 595 2238 rabidosque
604 2166 701 2220 leones.

57 2245 149 2299 Dictus
158 2251 184 2298 et
192 2243 334 2314 Amphion,
349 2243 487 2298 Thebanae
495 2241 613 2303 conditer
622 2241 705 2305 urbis,

58 2336 124 2374 saxa
137 2335 241 2373 movere
250 2317 507 2386 sonotestndinisfft
515 2334 592 2388 prece
603 2315 700 2370 blanda
816 2325 856 2367 335

59 2391 326 2464 ducerc,quovellet.
365 2389 790 2462 Fuithaecsapicntiequondnm,

57 2465 164 2540 publica
174 2466 283 2537 privaris
292 2482 432 2530 secernere,
444 2483 517 2520 sacra
527 2464 653 2536 profanis,

57 2541 201 2596 concubitu
210 2540 348 2610 prohibere
357 2557 434 2614 vage,
445 2539 507 2596 dere
516 2540 575 2599 iura
585 2539 694 2605 meritis,

56 2615 154 2692 oppida
163 2613 259 2680 moliri,
272 2613 342 2689 leges
351 2613 464 2677 incidere
474 2615 560 2690 ligno:
