2067 3067
224 131 271 183 120
493 134 694 184 ODARUM

221 235 287 300 Quis
297 234 354 297 soit,
366 250 399 286 an
410 232 533 288 adiiciant
542 235 682 290 hodiernae
694 235 807 290 crastina
816 252 935 292 summae

257 317 373 378 tempora
383 307 411 360 di
421 309 510 378 superi
515 309 529 361 ‘i

221 383 321 438 Cuncta
330 399 426 436 manus
436 383 527 437 avidas
537 382 638 458 fugient
647 384 760 450 herediS,
773 385 857 438 amioo

166 469 192 511 2⁰
258 475 326 528 quae
335 457 437 510 dederis
450 458 548 512 animo.

169 589 176 600 ,
220 532 309 597 Quum
320 531 400 586 semel
409 532 542 597 occideris,
555 540 580 586 et
589 533 621 586 de
630 539 655 586 te
665 531 802 604 splendida
812 533 897 588 Minos

256 606 343 660 fecerit
353 606 467 670 arbitria,

220 700 282 745 non,
295 681 432 751 Torquate,
446 698 540 753 genus,
554 697 606 735 non
617 688 640 734 te
650 679 781 747 facundia,
794 699 848 737 non
857 689 881 736 te

256 756 373 810 restituet
381 755 471 826 pietas.

164 841 191 884 25
219 829 331 884 Infernis
340 846 427 900 neque
435 829 507 883 enim
515 829 630 884 tenebris
640 829 721 884 Diana
729 829 858 902 pudioum

256 904 348 958 liberat
357 903 544 976 Hippolytum

219 996 267 1034 nec
275 979 386 1032 Lethaea
396 977 591 1034 valetTheseus
600 979 756 1051 abrumpere
765 996 824 1034 caro

255 1053 361 1108 vincula
371 1053 495 1108 Pirithoo.
552 1097 561 1108 .

435 1253 460 1308 0
490 1254 521 1307 D
551 1252 578 1306 Ε
637 1252 750 1308 VIII.

317 1368 363 1412 An
387 1368 412 1411 c.
434 1367 603 1413 minelum
626 1369 866 1414 cENsonmum,

252 1576 315 1612 sunm
323 1575 455 1612 etMuunun
464 1572 550 1611 amicum
557 1575 678 1620 donaturus,
694 1575 773 1613 nullum
785 1574 813 1612 ait
826 1575 900 1612 donum
914 1587 961 1612 cu-

217 1637 271 1675 mino
285 1651 326 1675 ene
339 1637 414 1681 maius,
433 1637 509 1688 quippe
522 1650 561 1688 quo
574 1637 640 1686 magni
653 1635 694 1675 viri
708 1650 775 1676 veram
793 1636 962 1676 immomlitatem

218 1707 370 1751 consequantur.
395 1703 456 1740 Metr.
467 1701 502 1738 1.-

253 1793 390 1857 Donarem
400 1809 502 1873 pateras
511 1809 637 1876 grataque
647 1800 809 1868 commodus,

216 1878 365 1942 Censorino,
378 1877 445 1931 meis
455 1895 513 1932 aera
523 1876 667 1940 sodalibus,

215 1953 340 2006 donarem
349 1951 474 2022 tripodas,
485 1951 602 2022 praemia
612 1949 718 2003 sortium

216 2027 369 2082 Graiorum:
391 2023 639 2095 nequetupessima
649 2039 791 2077 munerum

215 2100 304 2163 ferres,
316 2099 398 2154 divite
407 2115 450 2151 me
459 2098 557 2151 scilicet
566 2097 672 2161 artium,

142 2191 150 2198 ·
215 2193 282 2245 quas
292 2182 337 2226 aut
346 2172 500 2227 Parrhasius
509 2170 617 2243 protulit
627 2179 672 2225 aut
680 2170 785 2244 Scopas,

214 2249 259 2302 hic
268 2265 340 2311 saxo,
353 2245 462 2318 liquidis
472 2245 517 2299 ille
526 2245 656 2300 eoloribus

214 2323 305 2376 sollers
315 2339 387 2376 nune
396 2321 531 2376 hominem
541 2337 637 2392 ponere
646 2337 718 2374 nuno
727 2319 817 2374 deum.

214 2397 266 2450 Sed
275 2414 328 2451 non
338 2397 402 2450 haec
411 2396 478 2450 mihi
488 2396 538 2460 vis,
551 2411 604 2449 non
614 2395 663 2450 tibi
672 2394 763 2448 talium

160 2481 186 2524 10
216 2489 257 2525 res
265 2479 304 2524 est
313 2480 359 2525 aut
367 2471 473 2525 animus
483 2469 637 2525 deliciarum
648 2486 737 2542 egens.

215 2545 320 2600 Gaudoe
328 2545 505 2617 carminibus:
526 2543 642 2600 carmina
652 2559 794 2616 possumus

213 2620 319 2687 donare,
331 2627 355 2674 et
364 2621 478 2692 pretium
486 2620 572 2676 dicere
581 2619 709 2676 muneris.
