2067 3067
199 99 247 152 IIS
468 100 668 149 Eronos

197 203 352 258 indomitam
360 208 481 274 properat
490 201 590 256 rabiem
599 201 703 256 mdarei
722 203 815 274 Neque
827 202 867 259 illi

143 288 169 332 it
235 278 288 330 iam
299 285 386 332 manet
394 276 504 331 humida
512 283 580 332 meta
591 275 712 348 solerque

197 358 307 406 stercore
316 351 419 406 fucatus
428 351 564 419 cromdili3
586 352 691 423 iamque
701 351 821 408 subando

234 433 303 480 tenta
311 426 409 480 mabilia
419 434 538 498 tectaque
549 427 662 496 rumpit:

197 500 248 565 vel,
260 518 318 555 mea
327 519 413 573 quum
423 502 508 556 saevis
518 501 598 574 agitat
607 499 710 556 fastidia
720 501 822 557 verbis:

234 577 357 630 »Inachia
367 575 476 648 langues
486 577 585 641 minus,
598 593 627 629 aa
636 593 691 630 me:

143 660 169 704 15
196 651 347 704 »Inachiam
358 657 397 705 ter
407 658 480 705 nocte
487 657 569 721 potes,
582 651 648 704 mihi
658 667 761 721 semper
770 650 804 706 ad
814 669 898 708 unum

234 725 425 797 »mollisopus
462 727 551 779 Pereat
561 723 636 788 male,
652 741 720 796 quae
730 733 762 790 te,

196 819 209 851 u
214 800 316 866 Lesbia,
328 800 463 872 quaerenti
474 807 588 863 murum,
600 800 756 854 monstravit
765 800 883 866 mertem,

233 892 337 946 »quum
347 875 414 928 mihi
425 875 494 930 Cous
503 874 603 929 adesset
613 874 752 948 Amyntas,

197 950 292 1004 »cuius
302 950 330 1003 in
338 949 466 1004 indomite
474 949 632 1004 constantior
641 949 751 1020 Inguina
764 965 870 1014 nervae,

142 1034 168 1078 2⁰
233 1041 333 1096 uquam
342 1024 530 1079 novensilibus
539 1023 624 1087 arbor,
636 1023 762 1077 inhaeret.

196 1098 360 1153 »Murieibus
371 1099 459 1172 Tyriis
469 1099 573 1153 iteratae
584 1096 680 1152 vellera
690 1096 765 1152 lanae
782 1117 785 1124 ¹

233 1174 294 1226 »oui
302 1172 525 1244 properabantur‘?
544 1171 602 1225 Tibi
613 1187 720 1242 nempe:

196 1264 248 1301 une
256 1246 321 1301 iuret
329 1247 452 1318 aequales
461 1247 529 1300 inter
537 1247 659 1310 nonviva,
671 1245 756 1318 magis
766 1262 847 1318 quem

233 1321 370 1394 »diligeret
378 1320 474 1374 mulier
483 1337 540 1385 sua,
556 1337 638 1392 quam
647 1328 681 1374 te.

141 1405 167 1449 25
195 1396 236 1450 »0
245 1413 294 1468 ego
301 1413 355 1450 non
365 1394 437 1461 felix,
449 1412 531 1467 quam
541 1402 570 1448 tu
579 1393 659 1467 fugis,
672 1401 702 1448 ut
711 1401 788 1467 pavet
800 1412 870 1450 acres

232 1488 318 1544 »agna
329 1469 414 1541 lupos,
426 1485 585 1543 capreaeque
597 1467 683 1524 leones
690 1470 716 1523 l«

361 1749 387 1806 E
405 1751 432 1806 P
450 1750 475 1806 0
493 1750 523 1805 D
543 1752 567 1806 0
586 1751 607 1806 S
661 1750 774 1806 XIII.

460 1868 506 1910 nn
530 1867 666 1911 Aureus
721 1911 726 1920 ,

228 2070 320 2107 Hiberna
334 2074 423 2118 ternpore
436 2068 509 2108 nimbis
526 2069 598 2108 coeni·
604 2095 612 2114 ‚
630 2069 722 2109 homene
735 2069 807 2111 amieos
813 2095 820 2116 ‚
833 2076 869 2115 ut,
884 2069 939 2108 curia

194 2133 285 2169 omnibus
294 2131 384 2176 omissis,
398 2131 479 2175 bibant,
492 2133 516 2168 ad
527 2145 588 2171 unum
597 2133 697 2182 imprimis
709 2133 809 2184 hospitem
822 2145 938 2177 conversus,

194 2209 252 2244 quem
262 2197 322 2232 allatu
330 2194 419 2233 Achillis
430 2195 519 2242 exemplo
529 2195 594 2244 erigit·
619 2198 681 2234 Men.
691 2197 752 2234 XIII.

192 2287 311 2348 Horrida
322 2299 462 2364 tempestas
471 2293 572 2348 eoelum
582 2296 719 2360 nuntiarit,
730 2303 756 2350 et
764 2294 863 2350 imbres

230 2369 360 2440 nivesque
376 2367 510 2423 deducunt
529 2370 629 2424 Iovem:
660 2387 732 2454 nuuc
754 2385 839 2434 mare,
866 2378 940 2426 nuno

191 2521 213 2574 Τ
263 2517 312 2570 icio
321 2516 453 2587 Aquilone
461 2524 564 2571 sonant.
604 2443 855 2592 uapiaii'isafamtot,

304 2591 390 2647 ionem
399 2591 432 2649 de
441 2591 496 2646 die:
517 2591 636 2665 dumque
649 2593 734 2650 virent
740 2609 837 2668 genua,
