2067 3067
297 122 368 174 naa.
389 121 411 172 1.
440 119 563 172 aaran.
583 122 643 172 xn.
772 115 823 175 257

77 223 106 283 Si
115 221 187 289 forte,
200 222 226 278 in
238 225 325 281 medio
332 226 478 296 positomrn
488 225 641 289 abstemius,
656 224 746 280 herbis

77 300 148 357 vivis
157 306 182 353 et
192 300 284 364 urtica,
297 300 335 352 sio
345 299 419 354 vives
428 300 559 370 protinus,
574 307 605 352 ut
613 306 638 352 te

5 397 6 402 ¹
76 373 213 430 oonsestim
223 372 343 444 liquidus
352 374 484 429 Fortunae
493 375 569 428 rivus
579 374 695 428 inauret:

76 449 119 506 vel
129 449 192 520 quia
201 455 323 504 naturam
332 455 434 504 mutare
442 448 555 519 peounia
564 449 655 512 nescit
850 459 877 502 io

76 523 119 580 vel
131 523 195 596 quia
204 530 296 578 onnota
304 529 382 594 putas
391 541 445 578 una
455 523 551 577 virtute
560 523 674 577 minora.

76 599 213 664 Miramur,
229 615 253 652 sr
245 597 400 652 Demoorrtr
410 613 491 668 pecus
500 597 555 650 edrt
564 596 662 671 agellos

76 673 208 744 cultaque,
215 672 438 744 dumperagroest
447 669 820 756 animussineoorporevalox:

76 764 162 820 quum
171 755 201 801 tu
211 747 278 800 inter
288 747 403 800 scabiem
416 753 514 800 tantam
527 752 552 799 ot
561 745 679 817 contagia
689 744 765 810 lucri,

76 822 115 877 nil
124 839 238 893 parvum
248 837 335 891 sapias
345 827 370 873 et
379 820 466 874 adhuc
474 819 699 874 sublrmraouros
851 827 877 870 15
953 830 956 836 ’

76 912 225 968 quaemare
232 902 503 965 compescantoausae,
511 894 821 965 qnidtamperetannum,

77 971 166 1026 stellae
175 977 268 1041 sponte
277 986 326 1023 sna
337 969 458 1024 iussaene
469 975 598 1042 vagentur
606 975 632 1022 et
640 976 735 1032 errent,

5 1089 6 1118 3
76 1045 143 1118 quid
152 1051 253 1116 premat
262 1042 406 1098 obscurum
415 1043 501 1107 lunae
514 1042 582 1114 and
590 1041 702 1113 proferat
711 1043 812 1107 orbem

5 1119 6 1124 ’
76 1120 143 1191 quid
153 1118 216 1174 velit
227 1125 252 1171 et
261 1118 344 1188 possit
354 1135 442 1174 rerum
453 1117 590 1172 oonoordia
599 1117 708 1182 disoors,

75 1190 256 1265 Empedocles,
268 1211 303 1246 an
312 1192 466 1248 Stertinium
475 1191 567 1246 dehret
576 1190 705 1246 acumen?
852 1199 878 1255 20
928 1215 932 1220 -

5 1293 6 1344 ᾗ
78 1269 177 1325 Verum
187 1285 234 1323 seu
244 1266 329 1353 pisoes
340 1285 387 1321 seu
397 1284 507 1353 porrurn
517 1274 542 1321 et
552 1284 629 1338 oaepe
644 1265 772 1334 trucidas,

5 1345 6 1358 ¹
76 1351 149 1397 utere
159 1341 281 1414 Pompeio
292 1341 421 1413 Grospho,
433 1349 467 1408 et,
479 1360 502 1396 sr
495 1341 580 1414 quid
588 1347 665 1412 petet,
680 1340 788 1394 ultro

76 1417 161 1472 defer:
182 1419 220 1472 nil
232 1417 370 1487 Grosphus
391 1417 444 1472 nisi
453 1435 546 1472 verum
568 1415 653 1471 orabit
662 1423 687 1469 et
696 1430 822 1486 aequum.

76 1491 144 1549 Viiis
157 1492 302 1546 amicornm
312 1499 351 1544 est
361 1509 474 1554 annona,
486 1491 564 1544 bonis
576 1490 623 1543 ubi
633 1490 700 1560 quid
710 1489 791 1543 deest.

77 1569 116 1619 Ne
130 1574 214 1630 tamen
228 1565 342 1634 ignores,
355 1581 409 1634 quo
418 1565 452 1616 sit
462 1565 579 1616 Romana
589 1563 709 1617 looores:
853 1569 879 1612 25

79 1637 207 1692 Cantaber
217 1636 357 1707 Agrippae,
370 1636 463 1689 Claudi
474 1636 571 1690 virtuto
580 1637 691 1689 Neronis

77 1711 219 1766 Armenius
229 1708 362 1774 ceordrt
355 1727 397 1762 rus
408 1726 602 1778 imperrumque
611 1710 734 1762 Phraates

5 1789 7 1856 3
78 1785 196 1840 Caesaris
207 1782 303 1852 aooeprt
312 1781 426 1854 genibus
436 1797 535 1847 rnrnor
557 1799 635 1836 aurea
648 1781 738 1874 fruges

5 1865 7 1920 i
78 1859 166 1914 Italiae
174 1857 252 1961 pleno
262 1855 382 1911 defundit
391 1855 470 1927 Copia
480 1871 572 1909 cornu.

193 2054 520 2114 EPISTOLA
590 2041 713 2113 XIII.

172 2225 175 2232 ,
219 2171 682 2218 anvrrarnnrasnnnara.

373 2291 538 2303 ”uu—uuun-

80 2383 171 2420 Iocnnter
184 2385 259 2424 monet,
271 2379 368 2429 quomodo
377 2379 427 2418 velit
441 2379 463 2417 ab
474 2380 509 2418 illo
520 2379 630 2418 caminum
642 2391 723 2417 suorum
731 2379 825 2419 volumen

371 2443 462 2492 Augusto
471 2444 532 2482 tradi.

118 2516 159 2580 Ut
168 2524 374 2596 proficiscentem
385 2527 462 2582 dooui
472 2535 497 2580 te
506 2543 582 2598 saepe
592 2527 704 2599 diuque,

81 2600 201 2674 Augusto
211 2600 303 2656 reddes
314 2601 415 2676 signata
425 2602 570 2669 volumina,
583 2602 654 2668 Vini,

118 2711 245 2749 nonanus.
692 2693 716 2750 R
