2067 3067
218 139 224 148 ¹
282 141 353 185 LIB.
373 142 407 186 11.
435 141 614 192 Enseu.
766 141 817 197 285
881 181 886 188 .

72 237 214 309 oivilisque
222 237 316 292 rudem
328 238 390 292 belli
399 239 461 294 tulit
472 247 559 294 aestus
569 241 598 294 in
607 259 690 310 erma,

72 313 192 368 Caesaris
205 310 319 384 Augusti
330 329 383 367 non
396 331 555 384 responsura
565 314 676 370 leeertis.

44 439 46 443 .
73 386 148 442 Unde
157 385 238 441 simul
251 387 370 456 primum
379 403 422 441 me
430 388 555 444 dimisere
563 390 689 462 Philippi,

72 460 168 516 decisis
177 460 308 514 humilem
318 461 423 532 pennis,
435 463 593 535 inopemque
601 466 702 535 paterni
846 479 872 521 se

72 543 99 590 et
107 535 182 590 Laris
192 533 313 600 etfrmdi,
324 543 464 606 paupertas
473 538 582 609 impulit
591 537 687 604 audax,

72 617 104 666 ut
113 627 206 666 versus
215 608 339 678 facerem
361 611 417 675 sed,
427 611 500 682 qued
509 630 563 667 non
572 612 648 678 desit,
660 614 799 668 habentem

73 701 142 758 quae
151 691 273 756 poterunt
282 702 412 756 umquam
421 686 484 741 satis
493 702 641 760 expurgare
649 688 757 753 trientes,

73 761 103 815 ni
113 759 208 814 melius
218 759 332 816 dormire
340 766 440 831 putem,
453 767 535 832 quam
544 762 659 818 seribere
669 761 778 818 versus‘?

73 833 187 907 Singula
196 832 229 888 de
238 834 315 889 nobis
324 835 388 889 anni
397 836 556 906 praedantur
564 843 669 891 euntes:
846 846 873 890 55

73 909 192 980 eripuere
202 909 280 973 iosos,
292 910 429 974 Venerem,
442 909 572 975 eonvivia,
585 910 688 976 ludum,
803 922 807 929 '

72 982 186 1036 tendunt
193 989 348 1054 extorquere
356 991 487 1054 poemata:
508 984 576 1056 quid
585 982 679 1038 faeiem
688 982 750 1039 vis‘?

73 1056 193 1127 Denique
202 1073 256 1111 nen
265 1073 357 1112 omnes
366 1058 457 1112 eadem
467 1059 597 1112 mirantur
606 1065 761 1130 amantque:

73 1131 191 1185 carmine
199 1137 229 1184 tu
238 1129 348 1202 gaudes,
359 1131 403 1185 hie
412 1131 553 1198 delectatur
560 1133 667 1197 iambis,

74 1204 120 1258 ille
128 1203 233 1259 Bioneis
243 1205 410 1262 sermonibus
419 1214 445 1261 et
453 1207 508 1262 sale
516 1209 602 1280 nigro.
846 1216 873 1260 tu

74 1279 139 1333 Tres
147 1279 215 1333 mihi
225 1280 352 1334 convivae
360 1297 441 1353 prope
450 1281 589 1336 dissentire
598 1281 730 1347 tridentin,

74 1360 209 1424 poscentes
219 1353 292 1410 vario
300 1353 418 1410 multum
427 1355 532 1412 diversa
542 1357 638 1428 palate.

75 1426 147 1493 Quid
160 1426 240 1484 dem?
257 1429 324 1500 quid
336 1447 389 1485 non
403 1429 483 1486 dem?
500 1433 601 1486 Renuis
610 1430 684 1503 qued
693 1437 731 1497 tu,
747 1430 821 1485 iubet

567 1504 644 1559 alter·
760 1545 764 1552 .

76 1573 148 1646 qued
156 1574 234 1644 petis,
248 1573 276 1626 id
286 1591 349 1629 sane
357 1583 397 1628 est
407 1575 526 1629 invisum
535 1545 694 1648 aeidum'que
703 1577 818 1632 duobus.

114 1649 217 1700 Praeter
226 1653 317 1710 eetara,
330 1664 373 1700 me
381 1648 511 1702 Romaene
518 1657 638 1718 poemata
646 1667 735 1705 censer
848 1661 873 1703 es

76 1721 190 1776 seribere
199 1735 285 1792 pesse,
300 1720 367 1774 inter
376 1727 413 1774 tet
422 1737 499 1776 eures
508 1729 598 1794 totque
607 1724 726 1778 labores?

75 1796 125 1851 Hie
134 1812 262 1866 sponsum
272 1801 355 1860 voest,
367 1794 412 1848 hie
420 1795 542 1850 auditum
550 1797 655 1868 scripte,
667 1797 763 1851 reliotis

76 1871 201 1926 omnibus
213 1869 320 1924 officiis:
341 1868 420 1924 cubat
428 1869 473 1922 hio
482 1868 510 1922 in
521 1869 586 1923 eolle
594 1869 710 1936 Quirini,

76 1945 121 1998 hie
129 1952 245 1999 extremo
254 1944 283 1998 in
291 1942 430 2008 Aventino,
441 1942 568 1998 visendus
577 1951 700 2015 uterque:

76 2018 214 2073 intervalla
226 2018 300 2073 vides
309 2017 426 2072 humane
435 2016 581 2073 commoda.
620 2018 735 2074 »Verum
848 2029 875 2071 te

76 2099 247 2162 »puraesunt
255 2091 363 2163 plateae,
373 2089 442 2146 nihil
452 2098 482 2146 ut
491 2092 680 2147 meditantibus
688 2092 801 2146 obstet«

76 2166 193 2221 Festinat
202 2164 303 2220 calidus
313 2164 395 2219 mulis
404 2166 558 2238 gerulisque
567 2167 706 2231 redemtor,

77 2247 181 2311 torquet
189 2255 260 2294 nunu
270 2237 384 2310 lapidem
393 2257 465 2294 nuno
475 2241 570 2313 ingens
578 2241 818 2313 machinatignum‚

77 2314 162 2367 tristia
171 2313 285 2367 robustis
299 2312 431 2368 luctantur
440 2313 533 2370 funera
542 2315 677 2386 plaustris,

77 2388 128 2442 hae
137 2387 239 2443 rabiosa
249 2385 403 2453 furiteanis,
414 2389 464 2442 heo
473 2388 601 2444 lutulenta
610 2389 664 2444 ruit
673 2405 732 2443 sus:
848 2397 875 2440 15

77 2464 88 2514 i
101 2478 173 2514 nune
183 2468 209 2515 et
218 2479 310 2518 versus
320 2469 406 2518 tecum
418 2462 543 2517 meditare
551 2479 670 2518 canoros.
693 2479 699 2490 ·

78 2533 240 2606 Scriptorum
254 2536 349 2594 oherus
362 2538 449 2594 omnis
462 2545 534 2594 amat
545 2555 649 2600 nemus.
665 2541 690 2592 et
698 2535 767 2611 fugit
775 2553 822 2591 ur-

569 2611 625 2678 δῶ,
