2067 3067
338 173 486 219 LIBER
522 176 544 219 1.
779 172 814 225 27

99 277 204 336 cantus,
220 270 391 341 Melpomene,
403 275 446 327 oui
458 274 586 345 liquidem
596 277 670 330 Peter

139 362 232 399 vocem
241 364 303 399 cum
314 347 412 401 cithara
422 348 502 403 dedit.

100 436 173 508 Ergo
182 436 356 502 Quinctilium
367 436 508 511 perpeluus
517 460 594 512 sopor

101 509 197 583 urget?
215 512 258 565 cui
269 512 363 583 pudor,
374 522 398 568 et
409 516 521 569 iustitiae
534 534 606 570 soror

102 585 254 656 incorrupta
266 588 339 652 fides,
352 589 477 660 nudeque
487 591 590 654 veritas,

139 660 249 731 quando
259 661 345 715 ullum
355 664 489 719 invenient
497 664 606 734 parem?

102 750 195 805 Multis
206 751 250 804 ille
260 753 336 806 bonis
347 753 440 807 flebilis
450 756 557 809 occidit:

101 824 171 879 n'ulli
182 824 301 891 llebilior,
316 845 397 899 quam
407 829 464 893 tibi,
477 830 582 902 Virgili.

100 900 141 953 Tu
152 898 248 953 frustra
259 902 329 970 pius,
342 903 406 957 heul
429 922 480 959 nou
496 905 532 957 itu
543 904 670 959 creditum

139 975 226 1045 poscis
237 974 409 1040 Quinctilium
420 977 491 1033 decu.

101 1065 179 1131 Quod
192 1066 215 1119 si
227 1066 346 1120 Threicio
354 1066 479 1123 blandius
490 1069 593 1139 Orpheo

102 1140 219 1195 auditam
231 1140 363 1195 moderere
373 1143 510 1198 arboribus
521 1145 609 1209 fidem,

101 1232 155 1269 non
167 1234 250 1269 vanae
260 1216 346 1270 redeat
354 1219 463 1289 sanguis
474 1219 594 1291 imagini,

138 1308 221 1361 quam
233 1291 308 1364 virga
318 1291 397 1345 semel
408 1292 523 1358 horrida,

101 1399 155 1435 non
166 1381 232 1436 lenis
242 1383 365 1453 precibus
374 1383 424 1437 lata
438 1383 585 1450 recludere„

102 1455 593 1588 ”53‘⁰⁰lmlffllllrllll⁰‘lllltl⁸l

102 1530 273 1677 Dubiiililuuid
283 1551 457 1681 corrigerecil
468 1608 550 1662 nelos.
561 1577 567 1600 ’
657 1600 662 1610 ’

286 1890 417 1945 ΟΒΕ
467 1891 588 1946 XXV.

243 2008 314 2051 nn
373 2007 629 2053 urorum.

85 2247 161 2297 Lydia
170 2246 251 2285 iamim
260 2248 338 2287 retulit
347 2246 439 2293 insultu,
449 2248 502 2298 quod
511 2246 536 2284 nb
545 2246 664 2284 emtoribus
674 2248 781 2283 deseratur.

363 2314 424 2351 Meti.
437 2312 506 2350 xvu.

12 2486 14 2491 .
98 2424 210 2489 Parcius
220 2433 323 2488 iunctas
332 2436 455 2507 quatiunt
464 2434 589 2489 fenestrae

99 2508 194 2562 ictibus
204 2508 303 2563 crebris
312 2510 421 2565 iuvenes
430 2509 553 2581 protervi,

98 2582 202 2637 nectibi
214 2601 320 2639 somnos
334 2584 467 2652 adimunt3
488 2597 611 2651 amatque

172 2658 252 2713 ianua
265 2659 355 2723 limen,
