2067 3067
222 171 270 224 ⁴52
492 171 691 221 EPODON
763 165 766 169 ’

221 291 297 348 agros
307 280 385 345 atque
394 273 473 329 Lares
483 277 589 346 patriae,
602 273 796 346 habitandaque
805 272 866 328 iana

165 361 193 405 2⁰
259 350 330 420 apris
341 349 448 421 reliquit
457 358 482 403 et
491 351 630 420 rapacibus
640 348 724 421 lupis)

220 425 267 488 ire,
278 423 358 494 pedes
368 441 538 496 quocumque
547 423 638 488 ferent,
650 439 819 495 quacumque
827 441 874 495 per
883 423 966 478 undas

258 501 341 553 Notus
351 500 461 563 vocabit,
474 507 520 552 aut
532 507 669 570 protervus
679 497 793 552 Africus.

222 574 266 628 Sic
274 572 375 645 plaoet?
394 591 428 627 an
438 573 535 627 melius
544 573 606 645 quis
616 573 695 627 habet
704 572 830 626 suaderet
850 571 965 627 Seetrnda

258 656 341 703 ratem
350 665 476 719 occupare
485 648 551 720 quid
562 662 696 702 moramur
709 647 786 702 aiite‘i

166 734 193 778 25
220 723 272 778 Sed
281 724 399 777 iuremus
410 723 438 776 in
448 723 525 777 haee:
547 723 627 776 simul
640 723 701 776 imis
712 741 775 777 saxa
785 724 900 777 renarint

258 798 334 852 vadis
343 797 435 861 levata,
448 815 481 852 ne
491 797 575 852 redire
585 798 619 851 sit
629 797 714 865 nesas;

222 890 274 928 neu
283 890 408 928 eonversa
420 872 530 927 domum
539 874 627 946 pigeat
637 873 699 927 dare
709 873 796 938 lintea,
808 871 913 944 quando

258 947 344 1001 Padus
354 948 450 1004 Matina
461 947 554 1003 laverit
563 949 708 1012 cacumina,

222 1023 250 1077 in
261 1039 333 1076 mare
344 1040 391 1076 seu
402 1023 488 1076 eeisus
497 1023 646 1093 proruperit
656 1022 823 1092 Apenninum

167 1107 194 1150 tu
260 1115 381 1169 novaque
390 1106 505 1151 monstra
515 1098 632 1151 iunxerit
642 1096 752 1150 libidine

222 1172 307 1226 mirus
319 1189 401 1236 amor,
413 1174 485 1226 iuvet
496 1179 526 1224 ut
535 1172 614 1244 tigres
625 1172 761 1225 subsidere
771 1170 863 1235 cervis,

259 1245 419 1299 adulteretur
428 1252 453 1298 et
461 1244 584 1299 oolumba
594 1245 686 1309 miluo,

222 1319 327 1374 credula
337 1337 385 1374 nec
394 1319 476 1374 flavos
486 1321 596 1374 timeant
604 1327 720 1374 armenta
730 1319 825 1385 leonae,

260 1402 381 1466 ametque
391 1394 459 1449 salsa
470 1395 536 1449 levis
546 1395 637 1448 hircus
647 1410 768 1466 aequem.

168 1480 193 1523 35
222 1470 298 1533 Haec,
310 1477 335 1522 et
344 1487 412 1541 quae
422 1477 544 1540 poterunt
553 1470 652 1542 reditus
662 1470 812 1524 abscindere
821 1467 920 1532 duleas,

259 1561 351 1598 eamus
360 1545 448 1598 amnis
457 1553 587 1599 exsecrate
596 1545 697 1610 civitas,

222 1627 267 1674 aut
276 1637 338 1690 pars
347 1619 453 1674 indociii
463 1620 556 1674 meiior
565 1637 654 1695 grege.
694 1619 780 1675 Mollis
789 1625 814 1672 et
822 1633 917 1688 exspes

260 1694 403 1749 inominata
413 1697 558 1767 perprimat
567 1695 678 1750 cubitia:

223 1786 279 1833 νοε,
293 1771 393 1841 quibus
403 1780 442 1825 eet
453 1773 546 1836 virtus,
559 1770 716 1825 muliebrem
725 1769 806 1824 toilite
819 1767 929 1832 luettmr,

167 1852 193 1897 tu
259 1844 368 1900 Etrusca
378 1846 606 1917 praeteretveiate
619 1845 713 1922 littera:

222 1919 276 1973 Nos
285 1929 373 1975 menet
382 1922 501 1976 Oceanus
511 1922 711 1992 circumvagus3
733 1937 804 1984 arva,
816 1918 888 1972 beatu

259 2003 380 2064 petamus
389 2013 461 2059 arva,
473 1997 567 2048 divites
577 2000 603 2048 et
614 1993 723 2056 insutas,

221 2068 307 2122 reddit
317 2070 364 2123 ubi
374 2070 493 2124 Cererem
502 2068 581 2122 teilus
592 2069 690 2121 inarata
703 2066 856 2138 quotannis,

259 2150 284 2196 et
295 2145 422 2213 imputata
432 2142 505 2197 fleret
514 2157 601 2214 usque
611 2143 696 2206 vinea,

167 2223 193 2271 45
220 2219 351 2290 germinat
360 2225 385 2272 et
394 2231 544 2289 numquam
553 2215 666 2271 fallentis
674 2223 768 2270 termes
779 2215 873 2280 ativae,

259 2310 389 2364 suamque
396 2292 472 2371 puiia
483 2293 549 2346 ficus
559 2299 634 2345 ornat
644 2293 771 2355 arborem,

222 2365 300 2420 melia
310 2385 373 2422 eave
383 2374 492 2423 manant
501 2381 534 2421 ex
544 2365 611 2429 ilice,
624 2367 758 2420 urmatibus
771 2365 830 2418 aitis

255 2440 326 2495 -levis
336 2452 456 2514 crepante
466 2441 576 2516 lympha
584 2433 673 2494 desilit
682 2440 756 2511 pede.

223 2514 281 2568 Illic
290 2517 407 2573 iniussae
421 2520 531 2573 veniunt
541 2512 574 2570 ed
584 2513 693 2569 mulctra
703 2513 824 2584 (apuliae,

168 2598 195 2642 5⁰
261 2587 390 2663 refertque
399 2600 468 2648 tenta
478 2609 543 2667 grex
552 2592 653 2645 amicus
663 2591 741 2644 ubera
751 2609 756 2656 3

223 2680 271 2718 neo
281 2669 445 2737 vespertinus
454 2667 637 2740 eircumgemit
647 2683 726 2721 ursus
736 2663 813 2728 urite,
