2067 3067
368 135 526 182 LIBER.

41 279 45 287 .
115 235 302 290 atessaabona
311 235 576 306 raptaieiunaecanis

151 308 266 364 flammis
279 311 354 364 aduri
365 310 502 365 Colchicis.

116 382 149 437 At
158 384 277 454 expedita
286 385 397 457 Sagana,
408 403 454 455 per
464 391 544 439 tetam
557 385 665 440 demum
849 395 874 438 25

152 476 278 530 spargens
287 459 428 514 Avernales
438 477 530 531 aquas,

116 532 202 585 horret
211 532 321 604 capillis,
333 541 362 587 ut
371 534 499 597 marinus,
513 535 621 606 asperis,

109 628 113 632 ·
152 607 270 671 echinus,
282 615 327 661 aut
336 624 442 662 currens
452 625 524 678 aper.

116 680 212 735 Abanta
221 681 294 735 nulla
304 682 366 736 Veia
376 683 541 748 conscientia,

154 754 286 827 ligonibus
296 755 370 810 duris
380 757 494 810 humum

115 829 291 895 exhauriebat,
304 830 440 901 ingemens
453 829 596 894 laboribus,

59 921 67 927 ·
151 922 206 974 que
214 913 300 974 posset
310 904 424 958 infossus
433 921 498 974 puer

116 978 193 1050 longo
203 979 245 1032 die
253 979 295 1032 his
304 987 393 1050 terque
403 985 517 1032 mutatae
525 977 599 1048 dapis

152 1054 262 1106 inemori
271 1052 425 1123 spectaculo,

115 1144 200 1198 quum
210 1128 366 1198 promineret
375 1144 427 1190 ere,
439 1134 569 1198 quantum
579 1135 681 1182 exstant
690 1147 759 1201 aqua
849 1141 854 1154 ·

150 1219 277 1272 suspensa
288 1199 375 1256 menta
384 1219 503 1272 corpora:

115 1286 219 1330 exsucta
229 1278 267 1329 uti
278 1277 391 1331 medulla
400 1285 425 1329 et
433 1276 537 1330 aridum
547 1277 618 1330 iecur

152 1352 466 1422 amorisessetpoeulum,

53 1435 60 1448 ·
114 1426 279 1480 interminato
288 1445 372 1497 quum
382 1425 461 1480 semel
474 1426 541 1480 fixae
550 1426 608 1480 cibo

152 1500 324 1554 intabuissent
336 1501 460 1571 papulae.

113 1576 171 1628 Non
182 1573 295 1627 defuisse
305 1576 434 1628 masculae
444 1575 563 1628 libidinis

151 1650 462 1711 AriminensemFoliaiu,

113 1731 137 1777 et
147 1724 226 1776 otiosa
237 1723 345 1776 credidit
357 1722 487 1792 Neapolis,

151 1807 176 1850 et
186 1815 263 1852 omne
275 1798 391 1858 vicinum
401 1795 542 1866 oppidum,

114 1889 182 1942 quae
192 1872 285 1935 sidera,
297 1879 429 1924 excantata
441 1886 502 1922 vnce
511 1867 643 1932 Thessala,

151 1944 486 2017 lunamquenoclnderipit.

113 2021 169 2083 Hic,
184 2022 332 2074 inresectum
342 2038 418 2074 saeva
428 2019 503 2072 deute
512 2017 593 2071 livido

121 2145 129 2160 ,
150 2096 257 2149 Canidia
269 2095 362 2149 rodens
371 2094 499 2165 pollicem,

112 2170 179 2241 quid
188 2169 272 2222 dixit‘?
291 2179 335 2223 aut
345 2170 411 2240 quid
420 2165 525 2222 tacuitl'
535 2165 583 2232 aO,
596 2167 674 2221 rebus
684 2167 750 2220 meis

150 2262 219 2297 »nen
232 2244 349 2298 infideles
359 2244 478 2306 arbitrae,

111 2319 198 2380 uelox,
211 2327 235 2371 et
244 2318 334 2381 Diana,
346 2337 413 2388 quae
423 2317 557 2371 silentium
567 2315 645 2386 regis,

148 2410 258 2446 »arcana
269 2411 353 2464 quum
366 2393 431 2446 liunt
441 2409 523 2454 sacra,

110 2485 209 2530 annuc,
223 2485 293 2521 nunc
303 2467 401 2533 adeste;
423 2484 495 2521 nunc
504 2466 531 2517 in
542 2464 649 2518 hostiles
658 2463 750 2518 domos

149 2542 233 2596 »iram
244 2550 321 2612 atque
331 2560 429 2596 numen
440 2541 538 2595 vertite.

110 2616 321 2671 »Formidolnsae
331 2617 396 2674 dum
406 2615 484 2671 latent
493 2614 569 2669 silvis
576 2611 655 2686 lenae,
