2067 3067
338 148 492 234 LlllER
527 181 567 228 11.

298 388 441 451 oDE
499 384 605 443 XVI.
745 464 749 469 .

191 514 258 575 ,no
280 508 471 556 nononinn
494 504 694 547 snosnnun

75 720 260 772 'rnnquilliutem
271 717 326 755 vina
339 721 384 751 inte
394 712 460 749 omnia
473 711 585 747 sectandum
599 722 653 755 em,
666 710 709 747 siv·
722 710 778 747 dives
791 707 826 751 uis,

304 779 346 817 nive
356 790 437 827 pauper.
461 776 522 814 Mctr.
535 774 604 810 xvu.
644 775 647 779 '

106 952 108 955 η
118 876 220 940 Otium
230 882 305 935 divos
315 886 388 951 rogat
401 875 535 946 inpotenti

116 976 232 1033 prensus
242 958 351 1028 Aegaeo,
362 952 442 1007 simul
454 958 508 1004 atra
518 948 603 1003 nubes

117 1033 236 1091 condidit
247 1032 347 1092 lunam,
361 1044 445 1098 neque
453 1034 522 1079 oerle
530 1023 633 1096 fulgent

195 1107 280 1161 sidera
291 1103 390 1159 naulis:

118 1202 204 1256 olium
214 1197 282 1252 bello
294 1195 392 1267 furiose
401 1192 508 1255 Thrace,

119 1278 205 1331 otium
216 1273 283 1327 Medi
295 1272 413 1341 pharetro
423 1267 518 1329 deoori,

121 1350 316 1421 Grosplie‚non
326 1343 439 1418 gemmis
450 1340 536 1412 neque
543 1356 663 1411 purpura
672 1355 718 1396 ve-

199 1424 265 1487 nale,
278 1437 363 1493 neque
372 1434 445 1473 auro.

122 1519 182 1572 Non
192 1515 261 1569 enim
271 1529 351 1586 gazae
362 1526 448 1581 neque
460 1504 606 1561 oonsuloris

122 1599 272 1646 summovet
283 1589 354 1641 lictor
365 1586 474 1639 miseros
483 1581 615 1637 tumultus

123 1668 230 1727 mentis,
241 1673 265 1717 et
274 1680 350 1717 curas
361 1661 478 1732 laqueata
488 1658 589 1713 circum

200 1747 263 1793 tecte
277 1738 402 1791 volantes,
488 1738 490 1743 '

124 1832 230 1889 Vivitur
239 1846 319 1901 parvo
329 1829 401 1888 bene,
413 1826 455 1879 cui
467 1832 605 1897 paternum

126 1906 245 1980 splendet
255 1906 281 1958 in
292 1908 380 1957 mensa
392 1901 463 1955 tenui
476 1899 602 1960 solinum,

126 2001 175 2038 neo
184 1981 253 2035 leves
262 1995 367 2032 somnos
377 1977 454 2030 lim'or
464 1982 509 2029 out
518 1972 615 2043 cupido

201 2054 323 2109 sordidus
334 2051 425 2106 aulen.

126 2148 197 2217 Quid
208 2146 280 2201 brevi
291 2144 367 2199 [ortes
378 2140 524 2197 iaculamur
534 2155 598 2192 aevo

126 2221 228 2279 mulla?
247 2220 313 2292 quid
324 2229 402 2273 terras
412 2217 462 2271 alio
471 2214 583 2268 calentes

127 2299 181 2355 sole
192 2304 325 2351 mutamus
335 2287 508 2365 patria‘lquis
517 2286 594 2343 exsul

202 2390 230 2425 se
240 2387 346 2443 qnoque
356 2365 442 2440 sugit?

128 2463 235 2522 Soandit
244 2469 341 2517 aeratas
352 2459 444 2513 vitiosa
455 2458 536 2509 naves
607 2450 610 2455 ’

129 2557 200 2602 cura,
213 2554 259 2591 nec
269 2545 368 2589 turmas
379 2532 499 2603 equilum
513 2526 647 2597 relinquit,

128 2616 199 2671 ocior
208 2612 292 2665 cervis
303 2618 328 2664 el
338 2616 429 2681 egente
439 2604 545 2659 nimbos
719 2607 722 2613 “

204 2688 273 2742 ocior
283 2687 365 2739 Euro.
