2067 3067
224 126 257 183 'll
497 133 696 182 ODARUM

300 233 429 319 dirosque
437 234 611 306 mortalesque
620 235 711 290 turbas

336 324 447 378 amperro
457 311 524 381 regit
533 326 604 364 unus
613 325 708 380 aequo.

172 398 176 402 ’
262 407 389 479 Magnum
398 406 443 462 illa
455 415 577 462 terrorem
588 407 711 463 intulerat
719 409 774 464 lovi

262 481 346 535 fidens
354 482 480 537 iuventus
488 482 595 538 horrida
604 482 728 549 brachiis,

194 612 198 618 ,
297 554 442 627 fratreeque
451 557 584 611 tendentes
597 573 676 626 opaoo

336 629 424 685 Pelion
434 631 593 702 imposuisse
603 631 727 704 Olympo.

260 733 387 805 Sedquid
397 734 538 808 Typhoeus
550 741 576 789 et
586 734 690 790 validus
699 735 802 799 Mimas,
849 745 854 754 ‘

261 817 306 863 aut
316 808 382 880 quid
392 809 489 863 minaei
499 809 662 882 Porphyrion
673 817 751 874 statu,

298 882 365 954 quid
374 883 499 949 Rhoetus,
511 883 665 956 evulsisque
674 885 774 939 truncis

334 956 482 1013 Enoeladus
493 957 619 1014 iaculator
631 958 719 1013 audax

181 1133 185 1139 ἱ
260 1071 348 1119 eontra
357 1073 492 1120 sonantem
503 1065 616 1120 Palladis
626 1065 718 1137 aegida

259 1138 497 1209 poeaentruentea?
514 1140 583 1194 llino
592 1140 687 1194 avidus
699 1140 767 1193 stetit

297 1212 440 1277 Vulcanus,
452 1213 517 1267 hino
526 1220 643 1268 matrona
652 1215 727 1278 luno,
739 1223 764 1267 et

335 1304 483 1358 numquam
492 1287 612 1342 humeris
621 1287 755 1358 positurus
764 1303 863 1352 areum,

260 1393 307 1464 qui
317 1409 375 1447 rore
382 1411 450 1465 puro
460 1394 587 1449 Castaliae
597 1393 661 1450 lavit
709 1393 713 1400 '

259 1468 344 1522 crines
353 1468 461 1534 solutos,
473 1469 521 1540 qui
530 1469 625 1542 Lyciae
634 1476 704 1524 tenet
734 1491 738 1498 ¹

297 1542 402 1596 dumeta
412 1542 578 1614 natalemque
590 1542 695 1608 silvam,

332 1616 422 1672 Delius
431 1625 456 1672 et
465 1619 587 1672 Patareus
596 1617 699 1690 Apollo.

259 1725 306 1780 Vis
314 1724 407 1781 oonsill
416 1742 509 1797 expers
520 1727 589 1781 mole
598 1727 652 1781 ruit
663 1743 724 1780 sua:

260 1800 315 1854 vim
324 1808 492 1873 temperatam
502 1801 530 1855 dl
539 1818 646 1874 quoque
654 1799 802 1872 provehunt

295 1875 323 1928 in
333 1876 434 1944 maius;
456 1875 527 1930 ldem
535 1876 612 1931 odere
621 1877 692 1932 vires

331 1967 410 2004 omne
419 1948 491 2004 nefas
501 1951 591 2006 animo
600 1957 743 2006 moventes.

258 2056 342 2109 Testis
354 2074 473 2110 mearum
483 2058 648 2111 oentimanus
659 2055 731 2129 Gyas

258 2130 455 2194 sententiarum,
467 2137 545 2185 notus
555 2137 581 2184 et
592 2130 708 2203 integrae

293 2210 400 2257 tentator
411 2203 490 2259 Orion
499 2205 606 2270 Dianae,

332 2277 451 2350 virginea
459 2278 577 2335 domitus
589 2277 692 2352 sagitta.

257 2385 351 2440 Iniecta
360 2386 485 2441 monstris
494 2387 573 2443 Terra
583 2386 651 2443 dolet
661 2387 727 2452 suis,

255 2467 404 2533 moeretque
414 2469 504 2532 pertus
513 2460 626 2518 fulmine
636 2461 753 2516 luridum

293 2534 388 2589 missos
398 2537 433 2590 ad
441 2536 554 2592 Oreum:
575 2553 623 2592 nee
631 2535 732 2608 peredit

330 2608 480 2680 impositam
489 2610 557 2667 oeler
567 2611 637 2686 ignia
646 2611 770 2668 Aetnam:
