2067 3067
258 155 329 202 LIB.
349 156 524 221 numer.
543 160 602 205 xx.
750 151 801 208 273

11 281 12 284 ¹
61 253 143 310 Odisti
154 252 240 308 claves
249 261 274 308 et
283 261 356 327 grate
365 254 453 326 sigilla
467 255 578 328 pudico:

60 329 149 402 paucis
158 327 259 382 ostendi
268 329 353 400 gemis
363 336 388 382 et
396 331 549 385 communie
559 329 660 396 leudes,

11 429 12 432 ¹
61 420 113 458 non
123 403 158 456 ite
168 402 292 459 nutritus.
331 402 414 475 Fuge,
427 421 480 474 quo
490 403 646 469 descendere
653 406 744 478 gestis.
842 413 857 460 t

61 479 119 532 Non
128 476 281 531 eritemisso
289 475 388 531 reditus
397 477 455 530 tibi.
495 477 747 552 »Quidmiseregit

61 550 145 624 »quid
153 549 262 606 voluit«
280 550 359 616 dices,
371 549 491 623 ubiquis
504 551 656 622 telaeserit3
677 554 764 609 etscis

11 647 12 652 ¹
62 627 90 682 in
101 627 179 682 breve
188 633 212 680 te
221 625 288 698 cogi,
299 625 395 698 plenus
405 643 491 698 quum
501 625 608 700 languet
617 636 726 684 amator.

62 700 160 766 Quodsi
171 718 224 755 non
233 699 293 754 odio
301 701 431 772 peccantis
441 699 537 772 desipit
546 719 642 776 augur,

62 792 138 830 cerus
146 775 198 829 eris
207 775 312 840 Romae,
325 774 407 829 donec
415 781 439 829 te
448 774 549 830 deseret
558 784 640 843 aetas3
830 783 858 828 iu

62 856 231 904 contrectatus
241 850 289 904 ubi
302 850 426 904 manibus
435 849 583 904 sordescere
591 849 667 922 vulgi

63 924 185 994 coeperis,
198 930 242 977 eut
251 924 335 978 tineas
345 939 436 994 pasces
445 924 590 978 taciturnus
600 924 704 988 inertes,

63 1005 109 1053 aut
117 997 202 1070 fugies
212 997 312 1052 Uticam
322 1004 367 1051 aut
376 997 481 1053 vinctus
491 998 602 1052 mitteris
611 997 733 1053 Ilerdam.

63 1071 169 1127 Ridebit
177 1071 290 1125 monitor
298 1089 352 1127 non
362 1070 511 1136 exauditus,
522 1078 554 1126 ut
561 1070 615 1136 ilie,

63 1147 111 1220 qui
121 1146 190 1201 mele
197 1152 331 1218 parentem
341 1145 369 1200 in
378 1161 458 1218 rupes
469 1146 596 1218 protrusit
604 1144 714 1200 asellum
832 1154 859 1198 ts

63 1223 155 1276 iratus.
194 1219 260 1286 Quis
268 1220 340 1276 enim
352 1221 467 1277 invitum
479 1237 583 1277 servare
591 1219 708 1276 laboret?

63 1297 117 1350 Hoc
125 1312 233 1368 quoque
242 1302 266 1350 te
275 1303 370 1361 menet,
382 1304 413 1353 ut
421 1313 517 1368 pueros
526 1295 653 1351 elementa
662 1295 797 1352 docentem

63 1378 170 1442 occupet
178 1370 302 1427 extremis
310 1372 340 1426 in
349 1371 415 1426 vicis
424 1371 502 1428 belbe
514 1378 644 1426 senectus.

63 1445 154 1512 Quum
163 1446 212 1499 tibi
221 1445 260 1500 sol
269 1445 373 1517 tepidus
381 1446 471 1518 plures
481 1445 628 1504 admoverit
637 1463 722 1511 eures,

64 1537 107 1573 me
116 1518 237 1573 libertino
245 1527 337 1573 netum
346 1527 419 1589 petre
427 1528 453 1574 et
462 1521 490 1574 in
500 1521 573 1574 tenui
585 1537 615 1574 re
833 1526 859 1570 2⁰

63 1592 176 1646 maiores
184 1607 284 1662 pennas
294 1592 357 1646 nido
366 1593 514 1646 extendisse
524 1593 648 1664 loqueris,

64 1674 103 1732 ut,
115 1673 245 1737 quantum
254 1665 344 1737 generi
354 1665 453 1736 demes,
465 1667 608 1721 virtutibus
621 1665 716 1721 addas:

64 1757 107 1795 me
116 1739 211 1810 primis
221 1739 295 1812 urbis
305 1737 368 1792 belii
377 1739 507 1811 placuisse
519 1739 653 1810 domique,
746 1757 751 1768 ·

64 1814 180 1887 corporis
189 1813 288 1886 exigui,
300 1830 468 1885 praeconum,
484 1812 585 1867 solibus
594 1819 695 1884 aptum,

64 1890 142 1945 irasci
152 1888 271 1953 celerem,
282 1893 370 1943 tamen
381 1896 412 1942 ut
419 1887 556 1960 placabilis
564 1878 660 1941 essem.
835 1897 860 1939 25

64 1967 141 2020 Forte
151 1981 241 2019 meum
250 1963 273 2018 si
286 1963 698 2035 quistepercontebituroevum‚
771 2028 774 2031 Ι

65 2058 108 2094 me
117 2046 210 2112 quater
219 2037 339 2092 undenos
349 2038 414 2092 sciet
423 2037 574 2108 implevisse
583 2035 747 2098 Decembres,

65 2115 193 2188 collegam
203 2111 333 2184 Lepidum
343 2129 398 2184 quo
408 2112 484 2174 duxit
494 2110 595 2166 Lollius
606 2126 685 2165 enno.

339 2352 536 2381 ...w-.-
