2067 3067
346 158 552 207 LOEERL

149 256 182 311 ad
192 274 265 311 erma
276 266 414 321 cessantes,
426 258 459 311 ad
469 276 541 312 arma

185 334 303 397 concitet,
316 334 510 404 imperiumque
523 334 634 407 franget.

108 422 146 475 Te
156 440 259 494 semper
269 425 349 479 anteit
358 443 435 479 saeva
445 427 599 487 Necessitas.

107 497 197 552 elavos
209 499 319 553 trabales
328 508 353 553 et
363 518 458 553 cuneis
470 518 550 555 mauu

146 582 252 646 gestans
262 574 358 641 ahena3
381 592 544 630 neoseverus

185 666 272 703 uncus
281 650 362 713 abest,
375 650 562 722 liquidumque
571 651 724 723 plumbum.

107 740 144 793 Te
154 738 229 810 Spes,
242 740 400 819 etnibqrara
410 742 488 796 Fides
498 743 560 797 eolit
636 774 639 777 ·

107 813 193 869 velate
204 833 301 885 panno,
313 824 361 871 nee
372 819 492 871 conritem
503 819 624 891 abnegat,

28 895 30 899 '
146 898 397 962 utcumquemutata
411 901 526 961 potentes

185 974 255 1019 veste
264 966 355 1021 domos
366 968 471 1021 inimica
486 968 596 1039 linquis.

107 1054 142 1107 At
152 1055 251 1127 vulgus
263 1057 375 1110 infidum
386 1066 410 1112 et
420 1060 543 1114 meretrix
553 1070 619 1115 retro

106 1130 212 1199 periuro
222 1130 302 1186 cedit:
324 1132 475 1205 diffugiunt,
487 1136 560 1189 cudis

146 1220 207 1257 cum
218 1204 286 1259 faece
296 1207 406 1271 siccatis,
422 1210 508 1274 amici,

183 1278 250 1333 ferre
260 1282 354 1353 iugum
363 1284 460 1353 pariter
471 1284 565 1339 dolosi.
577 1317 614 1326 —

108 1370 201 1425 Servos
211 1372 311 1427 iturum
321 1373 456 1429 Caesarem
467 1376 494 1431 in
505 1376 613 1431 ultimos

108 1446 180 1499 orbis
189 1448 337 1508 Britannos,
348 1458 374 1503 et
383 1450 510 1505 iuvenum
522 1468 611 1507 reeens

145 1538 263 1587 examen,
276 1524 338 1578 Eois
348 1524 495 1579 timendum

182 1598 301 1667 partibus
310 1598 464 1671 Oceanoque
474 1602 565 1655 rubro,

106 1688 193 1753 Eheu,
204 1689 353 1745 cicatricum
364 1702 389 1745 et
398 1691 501 1745 socieris
514 1692 596 1763 pudet
674 1678 686 1701 ⁰

106 1762 280 1835 fratrumque.
319 1766 390 1832 Quid
400 1784 448 1821 nos
457 1767 523 1821 dure
536 1767 683 1842 refugimus

145 1838 232 1892 aetus?
250 1840 317 1911 quid
326 1842 450 1895 intactum
462 1841 554 1896 nefasti

182 1913 329 1985 liquimus?
348 1916 418 1971 uude
430 1934 541 1971 menum
551 1918 675 1972 iuventus

107 2004 296 2060 metudeomm
306 2008 451 2061 oontimrit‘?
469 2009 569 2079 quibos

106 2080 221 2149 pepercit
230 2082 300 2135 aris‘?
318 2082 451 2137 Outinam
462 2102 529 2137 nova

144 2154 239 2208 incude
249 2156 372 2229 diffingas
382 2166 500 2211 retusum
512 2159 539 2211 in

180 2230 338 2303 Massagetas
348 2233 501 2304 Arabasque
511 2232 623 2287 ferrum!

356 2451 525 2461 --...-..-.-.
