2067 3067
237 101 287 162 272
470 96 753 156 narsronannu'

238 211 276 265 Ao
286 226 319 264 na
327 225 371 264 mo
380 207 450 264 loliis
461 209 518 264 ideo
528 209 694 266 brevioribus
702 225 789 273 omes,

238 285 311 357 quod
320 285 397 339 timui
408 292 509 340 mutare
519 285 610 339 modos
619 293 645 340 ct
654 285 780 339 carminis
789 288 886 351 artem3

238 367 364 432 temperat
372 358 523 414 Archilochi
532 361 637 415 Musam
646 359 713 431 pede
721 356 837 412 mascula
847 356 968 430 Sappho,

237 443 364 508 temperat
373 434 492 500 Alcaeus,
504 434 554 491 sed
560 435 641 490 rebus
649 441 676 490 et
685 433 777 489 ordine
785 433 885 504 dispar,

184 521 210 564 30
239 527 288 566 nec
297 527 415 566 socerum
426 511 538 582 quaerit,
549 528 630 583 quem
641 509 763 565 versibus
771 507 873 562 oblinat
882 509 957 576 atris,
1024 516 1025 537 ¹

239 602 288 640 noo
296 601 408 657 sponsae
416 583 542 658 laqueum
551 585 651 641 famoso
660 583 777 639 carmine
786 583 874 638 nectit.

238 661 316 716 Hunc
323 677 380 734 ogo,
392 677 446 714 non
455 659 507 715 alio
516 660 617 716 dictum
625 659 763 734 primore,
773 659 884 712 latinus

234 733 467 808 ¹vulgavilidioem
489 735 564 790 iuvat
573 736 754 790 immemorata
762 733 887 788 ferentem

239 810 364 882 ingenuis
373 809 510 882 oculisque
520 809 572 884 legi
582 810 761 882 manibusque
769 808 862 863 teneri.

186 895 211 938 35
240 883 311 940 Scire
321 883 397 950 velis,
410 886 655 959 meaouringratus
664 883 791 957 opuscula
800 881 879 937 lector

240 959 329 1014 laudet
338 967 460 1032 ametque
474 959 555 1026 domi,
571 967 673 1033 premat
682 968 755 1016 extra
764 959 846 1013 limen
854 958 991 1031 iniquus?
1024 968 1026 975 ’

239 1035 298 1091 Non
307 1051 355 1108 ego
365 1041 487 1090 ventosae
494 1034 581 1108 plebis
590 1035 717 1109 suffragia
726 1051 808 1089 venor

240 1109 368 1181 impensis
376 1127 516 1166 coenarum
526 1118 552 1166 et
561 1111 635 1166 tritae
644 1126 754 1167 munere
764 1109 856 1175 vestim

240 1201 293 1240 non
303 1201 360 1257 ego,
372 1184 503 1239 nobilium
512 1185 670 1258 scriptorum
680 1183 783 1239 auditor
791 1191 816 1238 et
829 1180 906 1248 ultro,
1024 1212 1026 1241 t

185 1265 211 1311 lo
239 1259 423 1330 grammaticas
436 1260 537 1314 ambire
546 1260 632 1315 tribus
640 1268 666 1316 et
674 1258 776 1332 pulpita
785 1257 889 1330 dignor.
1024 1244 1026 1293 l

239 1332 306 1387 Hinc
316 1332 376 1386 illae
388 1332 518 1388 lacrimae.
558 1334 676 1406 »Spissis
686 1334 796 1407 indigna
808 1333 916 1386 theatris

176 1393 192 1418 ‘
239 1407 353 1478 »scripta
361 1406 443 1479 pudet
453 1409 559 1463 recitare
568 1416 594 1463 et
603 1410 684 1482 nugis
692 1408 787 1464 addere
796 1405 936 1479 pondus«
1024 1448 1025 1455 ,

239 1482 262 1536 si
272 1480 343 1550 dixi3
365 1481 492 1548 »Ridesc
502 1484 548 1548 ait,
561 1492 603 1538 net
613 1484 683 1540 lovis
693 1483 803 1538 auribus
813 1482 863 1535 ista

238 1573 359 1624 »servam
382 1556 443 1612 fidis
455 1557 536 1624 enim,
548 1576 654 1614 manare
663 1558 762 1631 poetica
774 1555 852 1611 mella

184 1639 210 1685 lt
239 1639 282 1686 »te
291 1630 387 1696 solum,
400 1632 448 1686 tibi
457 1632 599 1704 pulcher.«
623 1633 665 1688 Ad
674 1634 746 1698 haec,
763 1649 811 1704 ego
823 1631 935 1686 naribus
946 1632 987 1686 uti

238 1705 359 1771 formido,
370 1713 403 1771 et,
417 1706 540 1762 luctantis
549 1714 624 1763 acuto
633 1725 667 1762 ne
676 1724 747 1763 secer
757 1706 852 1780 ungui,

238 1781 380 1854 »Displicet
390 1781 437 1836 ista
447 1781 529 1848 locus,
537 1805 551 1836 u
559 1782 652 1847 clamo,
664 1790 690 1836 et
699 1781 800 1836 diludia
809 1796 899 1852 posco.

237 1855 330 1911 Ludus
340 1857 411 1911 enim
420 1857 513 1930 genuit
525 1857 657 1929 trepidum
667 1864 796 1910 certamen
805 1862 830 1910 et
840 1855 917 1920 iram,

238 1930 277 1985 ira
285 1938 372 1987 truces
386 1931 539 1987 iuimicitias
548 1931 691 1986 etlunebre
700 1930 813 1986 bellum.
883 1966 889 1978 ·

309 2177 314 2183 ,
383 2127 708 2188 E'PISTOLA
753 2127 837 2185 xx.

411 2247 463 2292 nn
494 2246 658 2292 nuncu
685 2247 809 2291 suum

519 2367 696 2382 —m

268 2450 388 2491 Annunciat
396 2453 457 2500 libro,
467 2467 516 2506 quae
526 2467 571 2492 eum
580 2459 704 2503 exspectent,
714 2459 733 2490 at
741 2453 765 2489 de
773 2465 793 2488 se
802 2450 847 2501 ipso
856 2450 951 2501 exponit.

274 2527 461 2590 Vertumnum
471 2538 627 2607 Ianumque,
640 2533 715 2598 liber,
728 2542 844 2604 spectaro
854 2535 967 2603 videris,

237 2607 336 2664 scilicet
345 2617 375 2664 ut
381 2617 482 2682 prostes
492 2609 628 2665 Sosiorum
631 2609 738 2680 pumice
747 2608 876 2664 mundus.
