2067 3067
483 113 684 160 ODARUM

223 222 225 231 '
246 213 368 283 Expedit,
381 214 472 266 matris
483 216 582 269 eineres
592 226 694 285 opertus

246 288 342 350 fallere,
355 298 379 341 et
391 298 441 342 tutu
452 290 577 345 taciturna
591 292 671 343 nortis
689 297 691 300 ’

214 374 219 383 ’
246 364 321 435 signa
333 382 393 416 cum
405 364 483 427 coelo,
496 366 636 437 gelidaque
648 366 723 419 divos

280 478 286 487 ,
322 448 537 493 murtecaremes

246 530 322 583 Ridet
333 531 389 593 hoe,
404 532 523 601 inquam,
537 533 624 584 Venus
635 532 699 601 ipsa,
713 532 798 585 rident

246 606 379 675 simpnces
391 608 538 677 Nymphae,
552 605 621 658 ierus
630 616 654 658 et
665 607 775 677 Cupido,

169 692 178 701 '
246 682 698 753 semperardentesacuenssagittas

320 764 500 809 eotecruenta.

246 845 328 909 Adde,
341 846 412 917 quod
422 848 504 917 pubes
515 846 563 900 tibi
574 847 665 899 crescit
676 847 772 910 omnis,

246 922 358 975 servitus
369 922 460 974 erescit
471 939 550 984 nova;
574 940 621 974 nec
633 921 732 991 priores

246 996 343 1066 impiae
353 1005 446 1051 lectum
458 995 580 1049 dominae
590 997 753 1067 relinquunt,

321 1088 397 1140 saepe
407 1070 509 1124 minati.

245 1162 281 1213 Te
290 1162 346 1214 suis
358 1171 452 1215 matres
464 1169 584 1215 metuunt
597 1162 724 1226 iuvencis,

246 1244 270 1289 le
281 1254 355 1289 senes
365 1237 445 1306 parui,
458 1236 621 1307 miseraeque
632 1254 716 1307 nuper

245 1312 362 1384 virgines
374 1319 478 1381 nuptae,
492 1318 536 1365 lua
546 1328 579 1365 ne
588 1312 697 1365 retardet

320 1404 382 1439 aura
393 1385 509 1439 maritos.

467 1646 585 1725 ona
631 1666 697 1723 1x.

418 1788 472 1829 AD
514 1785 742 1831 VALGIUM.

1027 1873 1028 1896 l

244 1990 333 2038 Valgium
343 1998 421 2041 poetam
430 1992 535 2035 admonet,
544 2006 570 2028 ne
579 2006 656 2040 semper
665 1994 745 2040 Mysten
755 2003 851 2039 puerum,
860 2003 954 2040 praeme-
1027 2025 1029 2058 p

206 2062 252 2091 tura
261 2061 324 2091 morde
333 2053 371 2090 ribi
380 2054 478 2091 ademtam
488 2056 568 2097 defleat,
577 2054 644 2103 potius
654 2068 720 2091 secum
729 2055 754 2090 ad
762 2054 849 2102 Augusti
858 2055 954 2093 victorin
1027 2065 1029 2108 p

207 2118 333 2154 celebrandus
343 2129 362 2152 se
372 2116 467 2164 accingat.
491 2120 553 2155 Metr·
565 2117 624 2153 XVI.
1027 2111 1029 2194 ι

243 2208 306 2271 Non
319 2233 421 2286 semper
431 2216 530 2270 imbres
541 2215 659 2269 nubibus
668 2214 787 2287 hispidus

243 2299 352 2345 manant
362 2291 485 2363 inagros,
498 2297 544 2343 aut
554 2307 626 2343 mare
636 2290 761 2360 Caspium

280 2373 376 2421 vexant
387 2364 538 2437 inaequales
548 2364 674 2435 proeellae

317 2458 412 2511 usque,
425 2457 472 2495 nec
481 2438 615 2495 Armeniis
625 2440 653 2493 in
663 2440 725 2504 oris,

243 2532 326 2584 amice
335 2530 421 2604 Valgi,
433 2538 483 2587 stat
491 2516 672 2604 glaciesqners

242 2621 346 2661 menses
355 2623 401 2679 per
411 2623 511 2673 omues,
525 2614 570 2663 aul
579 2604 758 2695 Aquilonibus
