2067 3067
289 105 361 152 LIB.
380 105 403 151 1.
435 108 560 155 EPIST.
578 111 627 157 xl.
777 109 828 162 255

5 239 7 280 t
80 227 133 266 non
143 208 260 279 equitem
269 205 357 271 dorso,
369 223 422 261 non
432 206 538 262 frenum
547 208 648 282 depulit
657 229 711 266 ore.

79 285 132 348 Sie,
144 283 192 355 qui
201 281 355 354 pauperiem
366 281 473 347 veritus,
485 284 584 354 potiore
594 283 707 339 metallis

79 357 197 414 libertate
205 363 283 422 caret,
295 355 435 412 dominum
446 357 522 412 vehet
532 358 670 428 improbus
683 369 762 433 atque
855 371 881 416 to

79 432 175 489 serviet
184 439 329 497 aeternum,
340 431 404 503 quia
414 448 495 502 parvo
505 433 603 487 nesciet
611 433 661 487 uti.

4 541 5 556 l
79 508 130 564 Cui
140 523 193 561 non
202 506 340 561 eonveniet
348 523 397 561 sua
407 507 612 571 res,utmloeus
621 506 695 573 olim,

2 1031 3 1064 ³
77 1033 146 1086 Haeo
155 1031 204 1086 tihi

4 647 6 662 ‚
78 583 103 638 ei
111 581 179 654 pede
188 581 272 636 maior
281 581 338 646 erit,
350 581 532 650 subvertet3ei
542 583 638 647 minor,
648 590 716 638 uret.
818 603 853 631 v.

4 675 5 688 ¹
78 659 174 714 Laetus
183 662 252 710 sorte
260 662 306 710 tua
315 656 390 714 vives
398 655 537 728 sapienter,
552 657 642 722 Aristi,
763 656 767 661 ’

3 725 5 796 l
79 749 127 788 neo
136 749 179 788 me
188 731 304 786 dimittes
314 731 509 806 incastigatum,
524 732 569 787 ubi
579 732 658 804 plura
854 739 881 787 to

3 815 5 854 t
78 824 178 881 eogere,
194 823 276 879 quam
286 806 350 860 satis
359 813 407 872 est,
418 823 449 861 ao
458 823 512 862 non
522 825 623 863 oeesare
631 805 751 862 videbor.

3 895 4 944 j
78 882 191 954 Imperat
200 887 246 936 aut
255 881 336 937 servit
345 880 450 936 oolleota
459 883 571 953 pecunia
581 882 687 954 cuique,

77 963 175 1012 tortum
186 955 267 1086 dign
280 955 356 1028 sequi
365 955 463 1028 potius,
475 951 557 1029 quam
569 956 665 1012 duoere
673 956 774 1011 funem.

235 1031 346 1086 'etabam
354 1038 414 1103 post
422 1029 516 1086 lanum
526 1039 603 1103 putre
615 1032 745 1096 Vacunae,

77 1113 185 1179 exeepto
206 1106 280 1180 quod
288 1123 342 1162 uon
352 1104 433 1162 simul
445 1122 526 1172 esses,
538 1113 637 1162 eaetera
646 1105 740 1162 laetus.
855 1116 881 1158 5⁰

233 1303 420 1363 EPIST
438 1307 463 1362 0
482 1304 552 1361 LA
595 1305 662 1362 xl.

274 1422 326 1467 en
354 1423 622 1468 nuuuffluu

76 1612 240 1663 Peregrinmtem
249 1622 312 1662 roget,
321 1616 420 1666 quomodo
429 1615 468 1654 eibi
476 1618 567 1665 placem
581 1622 669 1656 ceterum
678 1632 719 1657 non
732 1631 757 1656 ex
764 1615 826 1656 tari·

257 1675 373 1726 longinquis
381 1674 423 1724 peti
431 1673 578 1716 beatitudinem
589 1681 653 1718 dotet.

115 1767 194 1844 Quid
203 1776 252 1831 tibi
261 1777 319 1832 visa
332 1775 421 1839 Chios,
432 1775 538 1841 Bullati,
550 1783 664 1849 notaque
672 1779 780 1846 Lesbos,

76 1853 144 1925 quid
153 1851 281 1907 oonoinna
291 1851 393 1915 Samos,
405 1850 472 1920 quid
482 1850 572 1906 Croesi
581 1853 653 1924 regia
665 1852 764 1917 Sardis,

76 1929 190 2002 Smyrna
200 1927 300 2000 quidet
312 1923 465 1996 Colophon?
483 1925 582 1980 Maiora
591 1927 825 1982 minoraneiama‘l

76 2009 204 2058 cunctane
213 2019 275 2073 prae
285 2002 384 2073 Campo
393 2007 418 2054 et
428 2000 553 2055 Tiberino
562 1998 672 2056 flumine
681 2001 805 2070 sordenti

76 2096 110 2133 an
121 2078 193 2133 venit
202 2078 230 2132 in
241 2085 334 2132 votum
343 2074 462 2130 Attalicis
470 2093 504 2130 ex
513 2074 628 2130 urbibus
637 2095 701 2143 una,
795 2120 799 2128 .
863 2086 875 2128 s

75 2170 110 2207 en
120 2151 255 2207 Lebedum
266 2151 368 2216 laudas,
381 2151 441 2206 odio
450 2153 532 2206 maris
541 2157 620 2223 etque
630 2151 755 2207 viarum?

75 2227 141 2292 Seis,
154 2226 274 2282 Lebedus
284 2225 351 2300 quid
361 2226 408 2281 sit:
431 2226 524 2282 Gabiis
533 2223 659 2282 desertior
669 2235 748 2300 atque
770 2275 775 2303 β,

74 2302 183 2357 Fidenis
194 2303 282 2371 vicus3
305 2309 392 2357 tamen
402 2301 458 2356 illio
467 2303 558 2357 vivere
568 2301 673 2367 vellem,
762 2318 770 2361 ,f

74 2376 227 2449 oblitusque
237 2394 356 2432 meorum
367 2376 564 2432 oblivisoendus
577 2386 601 2431 et
614 2378 668 2432 illis
745 2370 763 2422 i

74 2452 229 2522 Neptunum
239 2453 330 2523 procul
340 2469 354 2506 e
366 2459 432 2506 terra
444 2459 559 2523 spectare
570 2450 709 2508 furentem.
741 2440 754 2527 ,l
845 2462 871 2505 10

74 2525 127 2581 Sed
137 2544 230 2600 neque,
246 2530 293 2600 qui
307 2528 397 2599 Capua
407 2529 516 2582 Romam
527 2528 603 2598 petit,
620 2527 705 2582 imbre
715 2525 817 2589 Iuenna

76 2600 217 2676 adspersus
226 2603 296 2661 volet
303 2604 332 2661 in
341 2620 458 2676 caupona
469 2603 572 2674 vivere;
594 2620 651 2670 neo,
663 2601 712 2678 qui
