2067 3067
247 125 405 172 CARMEN
433 128 642 175 SEGULARE.

106 227 233 283 Romulae
242 227 313 299 genti
325 227 383 281 dete
392 246 501 300 remque
510 228 664 301 prolemque

181 310 205 356 et
214 302 294 356 decus
304 319 391 355 omne.

107 394 211 465 Quique
220 411 266 448 vos
276 394 361 447 bubus
371 402 508 448 veneratur
521 394 597 459 albis,

6 531 12 542 ·
106 470 192 523 clarus
203 468 332 521 Anchisae
343 468 502 540 Venerisque
514 469 633 541 sanguis,

107 544 224 615 imperet,
237 542 348 596 bellante
357 542 436 613 prior,
448 544 574 597 iacentem

182 617 248 671 leuis
258 618 285 671 iu
295 617 405 671 hostem.

107 711 162 764 Iam
172 710 238 763 mari
249 716 368 779 terraque
377 725 472 761 manus
482 715 598 778 polenles

107 784 199 837 Medus
211 783 379 853 Albanasque
387 784 460 835 timet
470 800 582 846 secures,

106 860 159 911 iam
170 858 281 931 Scythae
290 874 412 927 respousa
422 864 523 927 petunt,
535 858 642 928 superbi

182 950 275 1003 nuper,
287 940 311 984 et
322 931 390 984 [ndi.

92 1002 162 1077 *lem
174 1022 246 1086 fides,
259 1032 283 1075 et
293 1040 353 1092 pax,
365 1021 490 1087 ethome,
503 1021 641 1093 pudorque

107 1097 218 1168 prisone,
231 1104 255 1150 et
265 1095 379 1168 neglecta
390 1096 473 1149 redire
484 1098 568 1150 virtus

107 1172 197 1239 audet;
219 1179 377 1243 apparetque
386 1172 459 1224 beata
467 1171 546 1244 pleno

180 1247 253 1316 eopia
263 1263 354 1298 eomu.

106 1336 199 1409 Augur
210 1344 234 1389 el
245 1335 359 1407 fulgente
369 1336 477 1390 decorus
488 1354 558 1399 arcu,

107 1411 236 1475 Phoebus,
249 1420 420 1481 acceptusque
430 1428 525 1465 novem
536 1411 666 1475 Camenis,

107 1487 154 1557 qui
165 1485 271 1539 salutari
282 1485 349 1545 level
359 1494 412 1539 arte
422 1483 502 1539 fessos

181 1560 294 1630 corporis
304 1567 385 1625 artus,

106 1652 129 1705 si
140 1651 268 1705 Palatinas
278 1644 349 1704 viilet
358 1668 458 1721 aequus
469 1667 536 1712 aras,

108 1744 216 1797 remque
227 1727 369 1779 Romanam
381 1725 539 1794 Latiumque
548 1721 610 1774 felix

108 1800 216 1854 alterum
228 1802 253 1854 in
267 1798 379 1852 lustrum
391 1797 539 1867 meliusque
548 1812 651 1865 semper

181 1881 301 1947 prorogat
313 1888 417 1927 aevum.

108 1966 231 2036 Quaeque
241 1963 402 2019 Aventinum
414 1969 482 2017 tenet
494 1960 683 2033 Algidumque,

108 2041 259 2110 quindecim
270 2041 350 2093 Diana
363 2056 451 2109 preces
461 2038 579 2091 virorum

107 2124 187 2179 curat,
200 2123 224 2168 et
234 2115 301 2167 votis
310 2130 452 2184 puerorum
463 2113 560 2167 amicas

182 2188 293 2259 applicet
303 2205 389 2240 aures.

107 2280 174 2332 Haec
184 2280 270 2332 lovem
281 2280 375 2333 sentire
385 2279 500 2349 deosque
509 2283 624 2340 cunctos,

107 2371 180 2423 spem
193 2354 289 2407 bouem
300 2362 448 2425 certamque
457 2353 566 2406 domum
578 2355 686 2421 reporto,

107 2428 198 2482 doetus
208 2436 232 2481 et
243 2429 339 2483 Phoebi
348 2430 443 2483 chorus
454 2434 479 2481 el
487 2428 584 2480 Dianae

182 2502 265 2557 dicere
278 2504 377 2558 laudes.

323 2623 560 2666 -nexlw-
