2067 3067
216 111 267 166 256
450 106 729 157 EPISTULARUM

217 214 303 285 frigus
312 211 425 284 eollegit,
441 208 534 266 furnos
544 217 569 264 et
577 208 671 264 balnea
681 207 780 275 laudat,

217 296 248 342 ut
256 286 416 340 fortunatam
427 285 504 356 plene
513 284 670 356 praestantia
680 283 776 339 vitem:

166 374 192 417 15
221 379 279 426 nee,
294 360 318 416 si
331 368 356 414 te
369 360 474 418 validus
484 359 619 414 iactaverit
628 358 723 413 Auster
735 359 763 414 in
774 357 834 422 alto,

219 436 316 491 ideireo
328 453 422 490 navem
432 443 505 489 trans
514 433 634 507 Aegeum
642 449 715 487 mare
724 433 832 487 vendas.

218 510 348 566 Incolumi
358 509 463 563 Rhodos
473 515 498 562 et
509 508 635 582 Mitylene
644 505 755 580 pulchra
765 505 833 570 lacit,
846 509 924 579 quud

189 592 194 602 '
218 584 330 658 paenula
341 584 459 649 solstitio,
472 590 617 655 eampeetm
626 582 761 638 nivalibus
770 582 850 646 auris,

217 677 264 732 per
273 661 397 715 brumam
407 659 518 724 Tiberis,
534 656 627 713 Sextili
637 673 728 712 mense
737 658 867 712 caminus.

164 747 191 790 2⁰
219 737 289 792 Dum
298 734 366 799 lieet,
379 751 409 788 ae
418 734 525 789 vultum
534 732 746 788 servatFortuna
756 731 916 805 benignum,

218 811 315 866 Romae
325 809 446 864 laudetur
455 809 548 863 Samos
556 814 582 862 et
591 807 671 862 Chios
680 814 705 862 et
714 807 820 862 Rhodos
830 807 940 863 absens.

219 885 269 952 Tu,
281 900 479 957 quamcumque
488 881 555 937 dens
564 879 613 937 tibi
623 881 796 938 fortunaverit
801 881 905 947 boram,

218 967 291 1032 grata
301 975 376 1014 sume
385 971 476 1023 manu,
489 975 541 1012 neu
551 956 640 1012 dulcia
649 956 724 1012 differ
734 958 762 1012 in
772 972 888 1026 annum;

218 1039 256 1099 nt,
268 1049 427 1105 quoeunque
435 1031 492 1088 luno
500 1029 592 1098 fueris,
604 1032 704 1088 vixisse
713 1031 823 1087 libenter

164 1117 190 1161 25
218 1108 337 1162 tedicus:
358 1106 809 1178 namstratioatprndantiamraa,

218 1198 270 1236 non
282 1181 364 1246 locus,
376 1181 453 1236 effusi
464 1180 513 1236 late
523 1182 605 1236 marie
614 1182 720 1247 arbiter,
731 1181 829 1237 aufert:

217 1254 328 1320 eoelum,
345 1271 398 1309 non
412 1254 544 1321 animum,
559 1263 672 1322 mutant,
684 1257 733 1328 qui
743 1264 814 1318 trane
823 1271 896 1310 mare
904 1271 968 1311 cur-
1019 1322 1020 1327 ἵ

710 1338 782 1386 runt.
842 1378 844 1381 .
1019 1334 1020 1341 ’

217 1403 328 1458 Strenua
343 1419 391 1456 nos
401 1407 503 1457 exereet
513 1401 619 1458 inertia:
641 1405 844 1476 navibnsutque

107 1527 111 1534 ⁴
216 1476 312 1550 quadri
333 1477 355 1530 is
363 1477 478 1548 petimus
487 1477 555 1535 bene
564 1478 663 1533 vivere.
688 1479 765 1544 Quod
773 1478 849 1549 petis,
861 1477 905 1532 bic
913 1486 962 1542 est,
1019 1522 1020 1527 ,

115 1583 139 1648 q
163 1563 189 1606 ta
217 1559 257 1608 est
266 1552 298 1608 Ul
338 1552 384 1618 ris,
397 1550 502 1608 animus
512 1552 635 1608 sitenon
644 1551 732 1607 deficit
741 1569 852 1624 aequus.

141 1671 156 1700 ‘a

156 1715 250 1793 ³=·
340 1749 679 1823 ‚nnisnnna
723 1749 825 1807 xm.

199 1865 201 1872 ¹
467 1866 520 1914 Ab
549 1862 716 1912 IC'OIUM.

505 1987 671 1999 *u—t-

218 2045 278 2118 ὤρη
287 2075 365 2112 temper
374 2061 488 2112 cupientem
496 2061 598 2108 hortetur,
611 2066 634 2102 ut
643 2064 722 2101 dmm
729 2062 793 2113 partia
802 2063 892 2111 srnatnr5
905 2065 960 2102 Gro-

253 2135 258 2168 t,
322 2125 395 2176 aptam
404 2125 536 2169 commenda,
546 2126 610 2176 deque
619 2127 678 2164 nbua
688 2127 769 2166 urbanis
778 2128 856 2166 acribia

248 2199 926 2305 meffimfflffl

216 2299 241 2356 ai
252 2307 319 2358 reete
328 2298 432 2365 frueris,
444 2316 497 2354 non
507 2305 555 2363 eet,
567 2305 598 2353 ut
606 2299 680 2368 eopia
690 2302 775 2356 maior
1010 2286 1011 2321 ¹

217 2361 580 2444 ablbvedonaripossittibi.
621 2373 692 2428 Tolle
702 2375 837 2446 querelae:

119 2481 127 2489 ι
216 2448 315 2518 peuqier
324 2447 396 2502 enim
406 2464 459 2502 non
469 2456 516 2512 est,
528 2449 573 2501 cui
582 2463 670 2501 rerum
680 2452 797 2520 suppetit
805 2466 880 2507 usne.

675 2612 773 2652 marus.
