2067 3067
318 142 546 190 Pouulce.
753 141 799 192 30⁴

57 239 556 315 Noneliusfaeeretmeliorepoemate5
577 259 671 299 verum

57 317 98 373 nil
108 318 173 372 tenti
183 325 231 372 eet.
270 319 340 392 Ergo
349 318 446 392 fungar
455 318 513 373 vioe
523 317 595 382 entis,
607 327 713 374 acutum
765 321 768 324 ’

57 392 167 448 reddere
175 409 243 465 quae
252 392 352 448 ferrum
361 393 438 457 velet,
450 410 541 448 exsors
550 393 608 464 ipse
617 395 736 449 secandi:
818 407 857 450 333

57 485 160 523 munus
172 475 197 521 et
206 467 323 522 officium
334 467 371 524 nil
381 468 499 522 scribens
510 469 567 538 ipee
576 467 682 532 dooebn,

57 542 130 598 unde
139 550 265 613 parentur
273 559 344 614 opes,
356 543 424 615 quid
433 542 484 597 nlet
494 541 640 614 formetque
647 551 759 614 poetam,

57 616 127 690 quid
136 617 232 683 deoeet
245 617 312 690 quid
320 635 383 683 non,
398 634 452 689 quo
463 617 557 681 virtus,
569 635 623 688 quo
631 616 782 672 ieraterror.

97 691 234 747 Scribendi
245 700 312 748 reete
321 710 412 764 sapere
421 699 494 747 estet
503 692 665 763 principium
675 701 700 746 et
709 692 781 748 fone:

57 783 115 821 rem
126 765 175 821 tibi
183 766 326 822 Sooretiom
334 775 456 838 poterunt
467 765 603 821 ostendere
611 767 722 831 obortae,
819 778 858 820 31⁰

58 841 334 914 verbaqueprovisem
343 859 399 898 rem
409 859 462 897 non
472 842 556 896 invite
566 851 717 912 sequentur.
802 876 804 879 -

59 916 113 982 Qui
123 915 225 982 didicit,
236 917 335 988 petrino
343 917 411 989 quid
420 916 521 980 debeat,
532 915 634 987 etquid
644 918 744 980 amieis,

56 1008 114 1063 quo
124 990 158 1044 sit
167 1007 255 1046 amore
264 1008 429 1063 parens,quo
437 989 515 1044 frater
525 989 655 1044 amandus
663 999 690 1045 et
698 992 802 1062 hespero,

59 1064 133 1137 quod
143 1065 177 1119 sit
189 1065 338 1135 oonseripti,
350 1064 423 1136 quod
432 1063 530 1118 iudieis
538 1062 665 1129 officium,
677 1083 746 1137 quae
786 1058 789 1069 '

57 1147 145 1211 partes
155 1139 183 1193 in
193 1139 293 1194 bellum
303 1139 379 1193 missi
389 1139 478 1207 dunis3
500 1138 546 1192 ille
556 1137 669 1209 profecto
820 1150 859 1194 315

58 1214 168 1269 reddere
176 1213 665 1285 personaeseiteonvenientieonique.

59 1288 197 1359 Respicere
206 1287 339 1360 exemplar
349 1289 418 1344 vitae
427 1305 586 1360 morumque
595 1288 692 1342 iubebo

59 1362 167 1417 doctum
177 1363 340 1428 imitatorem,
353 1370 378 1418 et
387 1364 463 1420 vives
472 1363 537 1418 hino
545 1363 639 1417 dnoere
648 1381 732 1419 voees·
777 1419 779 1423 .

10 1475 11 1478 η
60 1437 196 1492 Interdum
206 1439 322 1509 speciosa
333 1438 397 1492 loeis
406 1445 636 1511 morataquereete

59 1510 159 1577 fabula,
171 1512 272 1567 nuliius
282 1512 399 1576 Veneris,
411 1513 469 1566 sine
477 1511 593 1582 pondere
600 1519 626 1566 et
638 1520 700 1576 arte,
820 1522 859 1564 320

61 1586 168 1640 valdius
178 1584 287 1638 obleotat
295 1585 426 1655 populum
436 1585 585 1655 meliusque
594 1593 719 1648 moratur,

63 1677 146 1733 quarn
155 1675 249 1714 versus
259 1658 350 1729 inopes
359 1674 448 1712 rerum
459 1675 598 1731 nugaeque
607 1676 723 1714 canorae.

61 1734 150 1793 Graiis
160 1732 308 1806 ingenium,
321 1731 408 1787 Graiis
417 1731 489 1786 dedit
497 1749 542 1786 ore
553 1733 666 1787 rotundo

60 1811 136 1864 Muse
148 1807 231 1880 loqui,
242 1814 342 1879 praeter
352 1805 457 1872 leudem
466 1805 569 1860 nullius
579 1806 675 1860 everis.

60 1884 173 1938 Romani
183 1882 259 1954 pueri
269 1881 355 1955 longis
364 1880 510 1935 rationibus
520 1897 606 1934 oseem
821 1889 859 1932 325

61 1957 168 2013 diseunt
177 1957 206 2011 in
215 1964 301 2028 partes
310 1961 416 2011 eentum
426 1953 558 2009 diducere.
597 1953 686 2007 »Dicat

61 2032 153 2086 »filius
161 2031 264 2086 Albini:
285 2031 309 2085 ei
321 2030 354 2085 de
363 2030 513 2102 quincunce
522 2034 619 2100 remote
629 2034 668 2081 eet

61 2105 167 2171 nuncio,
185 2105 252 2178 quid
266 2103 405 2177 superate«
429 2105 530 2159 Poterat
543 2103 655 2228 dixisse:
677 2101 805 2154 iniere«

554 2177 622 2232 {Eu

62 2271 119 2309 rem
129 2254 225 2325 poteris
235 2269 339 2308 servare
344 2260 431 2324 ,trram
470 2251 547 2306 Redit
555 2251 642 2315 uncia,
655 2249 721 2319 quid
732 2247 778 2302 fit?

63 2335 81 2385 1
91 2329 187 2382 Seruis.
197 2357 235 2369 -
243 2328 295 2392 An,
306 2327 371 2382 haec
380 2327 482 2382 animos
491 2342 588 2397 aerugo
596 2333 621 2378 et
631 2341 693 2378 eura
702 2321 788 2393 peculi
821 2331 860 2374 333

64 2419 151 2475 quum
160 2401 241 2457 semel
251 2401 384 2466 imbuerit,
399 2417 536 2470 speramus
545 2399 661 2454 earmina
671 2397 737 2468 fingi

63 2494 149 2550 posse,
162 2475 268 2530 linenda
276 2475 353 2529 eedro
362 2481 387 2528 et
396 2473 448 2528 levi
458 2472 586 2528 servande
595 2470 736 2543 cupresso?

102 2553 155 2604 Aut
163 2549 286 2620 prodesse
296 2548 389 2606 volunt
398 2555 443 2603 eut
451 2547 577 2602 delectere
586 2555 682 2617 poetae,

65 2631 111 2680 aut
120 2623 201 2679 simul
211 2630 236 2677 et
244 2623 359 2679 iucunde
369 2629 395 2678 et
404 2622 496 2680 idonea
505 2621 590 2678 dioere
599 2622 677 2678 vitae.
