2067 3067
294 132 365 177 LIB.
385 130 406 176 1.
437 131 520 177 sAT.
539 132 585 175 111.
765 126 809 179 l'll

13 224 18 265 5
66 231 132 288 haec
139 250 181 286 res
191 240 216 287 et
226 223 321 306 iungit,
333 232 434 287 iunctos
444 239 468 286 at
477 240 564 287 servat
576 233 683 288 amicos.

6 348 7 351 η
66 308 101 363 At
111 324 159 362 nos
168 308 278 363 virtules
287 308 359 379 ipsas
369 308 536 375 invertimus,
551 315 630 379 alque
843 321 868 362 55

66 383 200 437 sincerum
209 383 333 453 cupimus
343 400 390 438 vas
400 384 554 437 incrustare.
593 383 694 437 Probus
703 384 766 454 quis

66 457 206 512 nobiscum
216 458 291 523 vivit,
303 456 419 512 multum
428 457 560 512 demissus
569 457 658 512 bomo.
697 459 739 513 Illi

66 532 150 597 tardo,
162 548 306 606 cognomen
316 532 412 605 Pingui
422 532 528 587 damus.
567 531 793 605 iliciugitomncs

67 605 187 673 insidias,
200 606 321 679 nullique
331 606 400 661 malo
410 605 477 661 latus
487 607 561 661 obdit
570 608 708 679 apertum?

67 680 259 754 (quum-genus
269 682 319 735 hoc
329 682 396 737 inter
404 682 472 738 vitae
482 689 608 748 versatur,
620 683 668 737 ubi
681 684 748 736 acris
806 749 809 756 Ι
842 694 867 735 cc

67 756 169 813 invidia
178 763 256 827 atque
267 757 357 829 vigent
365 756 411 811 ubi
421 755 548 830 crimina)
554 774 603 827 pro
611 756 679 813 bene
686 775 751 812 sano

67 849 97 886 ac
107 848 160 885 non
170 831 283 895 incauto,
296 830 384 885 fictum
395 838 565 902 astutumque
574 848 708 885 vocamus.

67 904 216 976 Simplicior
225 906 287 977 quis
297 914 322 959 et
330 913 378 970 est,
390 904 496 977 qualem
507 922 550 959 me
559 920 637 977 saepe
646 904 756 961 libenter

1 1006 3 1025 ι
67 980 208 1035 obtulerim
218 980 275 1046 tihi,
287 981 431 1046 Maecenas,
443 989 473 1034 ut
482 978 547 1034 forte
556 978 683 1053 legentem

67 1062 113 1110 aut
122 1054 230 1109 tacitum
239 1054 357 1126 impellat
365 1055 461 1128 quovis
470 1053 773 1111 sormoneloblolestus!
842 1068 867 1111 65

17 1180 19 1183 .
67 1128 666 1201 »communisensuplaneoarebuinquimus.
704 1130 789 1195 Eheu,

67 1210 150 1277 quam
159 1210 254 1258 umere
263 1204 292 1259 in
301 1212 403 1259 nosmet
412 1204 496 1277 legem
505 1204 641 1260 sancimus
651 1205 786 1279 iniquam!

66 1281 134 1333 Nam
146 1278 216 1334 vitiis
226 1296 303 1333 nomo
313 1280 370 1334 sinc
382 1279 511 1335 nascitur:
532 1280 649 1351 optimus
657 1280 702 1335 illa
710 1289 757 1347 est,

66 1354 115 1426 qui
128 1352 248 1409 minimis
260 1361 379 1428 urgetur.
418 1353 528 1411 Amicus
538 1354 635 1421 dulcis,
651 1364 681 1410 ul
694 1374 809 1429 aequum

559 1438 607 1494 ost,

66 1520 152 1574 quum
161 1520 219 1557 mea
227 1510 376 1575 compensat
385 1505 457 1560 vitiis
465 1505 548 1573 bona3
569 1503 692 1576 pluribus
702 1505 775 1559 hisee
840 1516 866 1557 70

61 1578 75 1651 -(
79 1578 103 1632 si
112 1578 190 1632 modo
199 1576 276 1649 plura
285 1579 352 1633 mibi
361 1579 430 1635 bona
439 1578 515 1651 sunt)
525 1577 641 1644 inclinet,
653 1582 736 1633 amari

67 1653 91 1706 si
103 1651 181 1707 volet:
203 1654 252 1707 hac
262 1652 318 1726 lege
328 1654 356 1708 in
366 1653 464 1707 trutina
509 1660 585 1707 netur
594 1652 696 1708 cadam.

67 1726 128 1793 Qui,
140 1745 173 1781 no
181 1728 318 1783 tuberibus
328 1728 441 1799 propriis
453 1744 469 1779 o
488 1726 567 1781 cudat
575 1728 699 1792 amioum,

66 1801 187 1873 postulat,
200 1803 315 1875 ignoscet
325 1799 440 1859 verrucis
449 1798 533 1853 illius.
571 1800 695 1871 Aequum
704 1810 751 1867 est,

12 1937 16 1944 ,
43 1878 44 1881 ’
66 1877 177 1947 peccatis
188 1877 292 1932 veniam
300 1882 449 1946 poscentem
459 1873 567 1928 reddam
575 1890 680 1929 rursus.
840 1888 866 1930 75

19 1944 23 1953 ⁶
66 1952 193 2023 Denique,
205 1956 335 2021 quatenus
344 1948 430 2005 excidi
440 1952 546 2020 penitus
555 1948 651 2005 vitium
660 1949 723 2015 irae,

66 2034 147 2081 cetera
155 2027 219 2080 item
229 2032 364 2098 nequeunt
373 2023 461 2081 stultis
470 2024 617 2081 hacrentia:
638 2042 748 2081 curnon

1 2110 2 2115 ’
64 2101 226 2174 ponderibus
236 2099 405 2173 modulisque
414 2100 471 2155 suis
481 2100 547 2155 ratio
556 2101 648 2167 utitur,
658 2118 689 2155 ao
700 2119 751 2167 res,

65 2184 95 2231 ut
104 2194 225 2248 quaeque
234 2184 280 2243 est,
293 2176 328 2231 ita
338 2174 476 2249 suppliciis
485 2174 579 2231 delicta
587 2176 703 2233 coercet?

65 2250 94 2305 Si
104 2251 236 2323 quiscum
246 2269 362 2319 servum,
374 2252 491 2325 patinam
501 2251 549 2324 qui
559 2250 647 2307 tollere
659 2252 758 2318 iussus,
839 2263 865 2305 80

15 2376 17 2381 .
64 2343 179 2381 semesos
188 2327 272 2397 pisces
282 2328 467 2401 trepidumque
477 2326 680 2399 ligurrieritius,

65 2402 94 2455 in
105 2418 180 2454 cruce
190 2401 304 2477 suffigat,
316 2404 436 2459 Labeone
446 2402 564 2457 insanior
575 2402 642 2457 inter

25 2536 27 2541 ,
65 2492 143 2530 sanos
154 2474 264 2531 dicatur.
303 2478 406 2545 Quanto
416 2478 466 2533 hoc
475 2476 602 2533 furiosius
611 2482 690 2548 atque

64 2550 151 2607 maius
161 2560 295 2623 peccatum
306 2555 357 2609 esti
379 2552 501 2610 Paullum
511 2551 746 2624 deliquitamicus3

65 2624 150 2700 (quod
160 2626 212 2707 nisi
222 2629 357 2696 concedas,
369 2628 482 2687 habeare
490 2625 741 2701 insuavislaoerbus
839 2636 864 2679 85
