2067 3067
314 130 386 179 LIB.
405 132 439 177 11.
468 130 550 179 sAT.
569 132 615 178 111.
784 128 834 183 2⁰5
880 188 883 191 ⁴

88 250 157 288 aneo
166 249 209 287 me
221 249 269 287 neo
278 249 440 305 quemquam
450 233 552 286 statuit:
574 247 622 285 nos
630 231 732 302 expulit
740 232 799 301 illa,
848 243 887 285 tto

87 308 185 362 »illum
195 315 240 362 aut
249 308 378 379 nequities
388 314 433 361 aut
442 304 509 360 vafri
520 305 621 359 inscitia
634 307 709 372 iuris,

87 390 271 454 »postremum
281 381 391 453 expellet
400 389 466 437 certe
476 380 591 435 vivacior
600 380 685 434 heres.

88 459 185 525 »Nunc
194 474 255 530 ager
265 457 392 512 Umbreni
401 456 453 511 sub
461 455 576 519 nomine,
586 472 671 525 nuper
680 454 757 509 Ofelli

87 531 192 586 »dictus
202 538 265 597 erat,
287 530 354 585 nulli
363 531 494 603 proprius,
507 529 554 583 sed
563 529 635 583 cedet
645 530 673 583 in
684 548 765 584 usum

87 624 179 661 »nune
188 606 265 671 mihi,
276 623 348 660 nuno
358 606 412 661 alii.
452 604 578 671 Quocirca
591 604 770 669 viviteforteo,
847 614 886 657 115

88 681 235 754 »fortiaque
245 679 361 737 adversis
371 680 493 752 opponite
504 686 606 750 pectora
617 679 696 733 rebus
703 681 729 733 lu

277 929 523 986 sarran
569 931 642 1012 uu

122 1196 256 1247 Drmuippru
261 1224 269 1242 ,
278 1197 376 1237 ridiculus
385 1199 453 1245 homo,
463 1200 506 1251 qni,
516 1200 612 1238 Stertinio
625 1204 762 1249 praeceptore,
770 1202 829 1247 porr-

89 1272 147 1309 quam
161 1273 203 1297 rem
211 1274 266 1299 ruem
280 1274 357 1301 omnem
368 1262 487 1301 familiarem
501 1277 581 1313 pessum
589 1265 677 1307 dederit,
687 1276 712 1300 ex
723 1267 830 1298 mercatore

88 1324 166 1361 Stoicus
176 1330 218 1362 erut
226 1323 298 1368 factus,
308 1327 332 1362 111
341 1332 418 1374 poetam
423 1353 431 1371 ,
444 1326 467 1365 in
476 1327 549 1365 Sabino
559 1342 594 1365 suo
612 1327 706 1370 dosidem,
716 1324 801 1368 accedit,
810 1328 830 1359 ct

88 1400 155 1425 omnen
164 1386 263 1432 hominen,
272 1394 351 1437 practer
360 1389 446 1434 Stoicos,
455 1389 544 1428 inanire
551 1392 616 1428 docet.

125 1496 294 1560 Druisnrus.
315 1505 361 1559 Sic
372 1524 432 1561 raro
445 1508 552 1571 scribis,
568 1514 598 1560 ut
610 1513 664 1561 toto
677 1523 730 1561 non
739 1512 830 1576 quater

579 1597 649 1634 anno

88 1652 270 1707 membranam
279 1645 379 1721 poscas,
392 1652 548 1721 scriptorum
558 1670 679 1724 quaeque
687 1660 814 1715 retexens,

88 1727 170 1779 iratus
180 1724 237 1788 tibi,
249 1724 322 1794 quod
334 1725 391 1779 vini
400 1726 540 1795 somnique
548 1726 680 1797 benignus

89 1798 127 1853 nil
140 1798 252 1870 dignum
263 1814 382 1852 sermone
391 1814 478 1853 canas.
518 1797 658 1863 Quidliet‘l
677 1798 792 1869 Ahipsis
891 1796 894 1800 ’

89 1871 271 1927 Saturnalibus
281 1871 335 1925 huc
343 1870 444 1943 fugisti,
483 1871 593 1925 Sobrius
605 1888 667 1943 ergo
872 1880 884 1920 5

89 1946 241 2016 dicaliquid
251 1945 364 2017 dignum
373 1946 524 2016 promissis!
546 1945 646 2015 lucipel
667 1944 710 1998 Nil
724 1952 771 1998 est.

91 2020 237 2090 Culpantur
250 2018 345 2075 frustra
355 2020 458 2084 calami,
471 2019 673 2091 immeritusque
682 2019 781 2075 laborat

89 2096 161 2149 iratis
171 2102 248 2149 natus
258 2095 344 2165 paries
353 2096 395 2149 dls
406 2102 483 2165 alque
493 2095 585 2165 poetis.

89 2169 169 2241 Atqui
182 2169 273 2223 vultus
282 2177 336 2223 erat
346 2169 428 2224 multa
437 2177 462 2223 ct
473 2168 603 2240 praeclara
613 2168 748 2232 minantis,

89 2245 111 2298 si
123 2261 236 2298 vacuum
246 2243 332 2314 tepido
342 2245 451 2315 cepisset
462 2243 555 2300 villula
565 2251 639 2297 tecto.
859 2256 885 2297 to

2 2310 3 2341 ³
89 2318 221 2383 Quorsum
231 2317 356 2389 pertinuit
364 2319 460 2389 stipare
468 2318 573 2372 Platona
583 2317 734 2381 Menandro,

88 2391 212 2462 Eupolin,
225 2391 421 2457 Archilochum,
433 2393 540 2447 comites
550 2392 657 2445 educere
667 2391 770 2445 tantos?

89 2466 220 2520 Invidiam
230 2466 332 2537 placare
341 2484 427 2537 paras,
445 2467 539 2521 virtute
549 2464 655 2519 relicta‘.l

89 2547 259 2605 contemnere,
271 2541 364 2594 miseri
386 2540 497 2596 Vitanda
507 2547 546 2593 est
555 2540 674 2609 improba
684 2539 758 2594 Siren

89 2613 197 2681 desidia,
209 2623 262 2680 aut,
277 2614 410 2687 quidquid
418 2616 471 2671 vita
480 2613 587 2671 meliore
595 2614 700 2685 parasti,
859 2624 886 2670 1}
