2067 3067
200 131 248 183 ⁴38
471 134 670 181 EPODON

400 450 427 504 E
444 451 471 505 P
490 450 514 504 0
532 448 562 504 D
582 449 606 505 0
625 448 646 506 S
700 449 740 504 V.

326 565 365 612 1u
388 565 569 610 eumnmu
591 565 809 609 vnunmcau.

233 774 324 810 Illuetrat
336 771 411 808 factum
423 770 506 820 aliquod
518 771 550 808 eui
558 771 654 820 temporis
659 797 667 815 ,
677 781 737 819 quum
747 768 841 814 Canidia,
854 767 941 806 venefica

198 836 345 884 Neapolitana,
359 847 399 884 quo
409 834 457 872 vari
466 834 568 871 cuiusdam
578 833 630 870 renis
640 845 725 870 amorem
737 839 874 881 recuperaret,
888 845 941 880 pue-

198 912 243 938 rum
252 899 360 947 ingenuum
369 903 469 952 oretenus
479 895 589 940 defoderit,
603 908 628 932 ex
641 896 728 932 medulla
737 894 779 932 eius
789 901 808 932 et
817 894 882 934 iecore
890 895 942 932 fame

199 960 303 999 exsiccatis
312 959 411 1008 philtrum
420 959 459 1010 eibi
468 957 569 1008 potentiue
580 971 682 1008 quaerens.
706 961 767 996 Melr.
778 958 827 994 XII.

235 1050 302 1123 »At¹
314 1059 447 1112 odeorum
457 1057 591 1129 quidquid
600 1059 629 1110 iu
639 1056 708 1111 ooelo
720 1057 786 1130 regit

272 1140 370 1186 »terras
379 1142 404 1186 et
413 1133 562 1186 humanum
572 1149 665 1203 genua,

236 1207 321 1279 »quid
330 1208 377 1260 iste
387 1205 435 1258 fert
443 1205 592 1260 tumultus?
610 1214 655 1259 aut
664 1205 731 1276 quid
738 1206 859 1263 omnium

272 1281 381 1335 »vultus
391 1281 419 1334 in
429 1298 515 1333 unum
525 1297 567 1334 me
579 1279 683 1334 truces‘?

237 1357 303 1409 »Per
312 1354 407 1409 liberos
417 1362 449 1418 te,
461 1355 484 1407 si
495 1362 583 1407 vocata
596 1355 724 1424 partubus

273 1430 390 1483 »Lucina
400 1429 469 1483 veris
480 1427 572 1494 adfuit,

236 1522 300 1575 aper
309 1505 358 1558 boe
369 1505 445 1557 inane
455 1521 587 1573 purpurae
597 1503 676 1556 decus
685 1520 784 1573 precor,

273 1596 338 1648 »per
348 1578 558 1649 improbaturum
571 1579 634 1631 haee
644 1579 739 1641 lovem,
768 1607 770 1612 ·

236 1654 321 1725 »quid
331 1661 360 1706 ut
369 1669 479 1708 noverca
488 1670 531 1706 me
542 1653 660 1717 intueris,
672 1660 717 1705 aut
728 1653 765 1706 uti

273 1747 286 1779 a
291 1729 369 1798 petita
378 1728 445 1782 ferro
455 1726 578 1782 bellua‘?u

238 1803 277 1867 Ut,
291 1803 354 1856 haec
364 1803 483 1858 trementi
493 1810 603 1874 questus
613 1819 665 1865 ore,
676 1801 790 1854 constitit

273 1877 424 1950 insignibus
434 1878 514 1949 raptis
528 1895 601 1948 puer,

237 1952 347 2022 impube
356 1970 460 2022 eorpus,
471 1951 550 2022 quale
560 1957 645 2021 posset
657 1950 738 2020 impia

274 2026 375 2079 mollire
385 2028 515 2078 Thracum
526 2034 640 2096 pecuum

193 2163 199 2174 .
238 2099 356 2163 Canidia,
368 2100 494 2153 brevibus
504 2098 635 2168 implicata
645 2098 742 2169 viperis

273 2175 358 2227 crines
368 2182 393 2226 et
403 2175 546 2242 inoomtum
558 2180 643 2243 eaput,

238 2249 311 2302 iubet
320 2247 447 2318 sepulcris
456 2248 592 2317 caprilioos
602 2254 697 2313 erutas,

275 2322 347 2375 iubet
355 2339 495 2392 cupressus
505 2320 636 2386 funebres,

238 2404 262 2449 et
274 2405 349 2450 unela
359 2396 443 2467 turpis
452 2412 501 2449 ova
510 2413 588 2450 ranae
598 2397 737 2468 sauguine,

274 2469 447 2543 plumamque
457 2478 598 2524 noeturnae
608 2470 705 2540 strigis,

238 2544 386 2614 herbasque
395 2548 463 2615 quas
473 2544 554 2598 Iolcos
563 2553 641 2615 atque
650 2543 753 2606 Hiberia

275 2618 363 2683 mittit,
374 2636 535 2676 venenorum
544 2617 626 2682 ferax,
