2067 3067
227 130 275 184 tu
495 101 711 184 cronon¹

403 323 775 392 'Eronosrm

322 453 367 497 ΔΙ)
391 455 416 496 c.
439 454 593 497 clLNIUM
615 453 870 496 MAECENATEM.

387 659 471 694 Exultat
480 655 563 693 victoria
571 657 661 695 Actiaca.
673 689 675 693 .
686 661 710 697 M
711 665 747 696 eu.
757 659 807 696 XII.

263 746 381 822 Quando
391 765 522 826 repostum
533 756 683 810 Caecubum
694 758 725 811 ad
737 757 812 810 festas
822 758 910 828 dapes,

299 833 394 885 victore
408 832 488 883 iaetus
499 832 615 896 Caesare,

262 915 348 960 tecum
359 907 409 958 sub
419 906 469 957 aita
480 936 517 944 -
528 907 566 956 sic
577 907 629 958 lovi
640 914 744 977 gratum
753 937 790 946 -
800 906 888 968 domo,

299 981 371 1033 beate
381 982 522 1042 Maecenas,
535 980 633 1043 biham,

172 1068 184 1108 5
265 1064 372 1109 sonante
383 1055 495 1106 mixtum
507 1055 579 1106 tibiis
590 1071 694 1108 carmen
705 1054 770 1126 lyra,
783 1061 784 1064 ’

299 1130 348 1181 hac
358 1129 473 1192 Dorium,
487 1128 540 1179 iilis
555 1129 702 1191 barbarum,

261 1211 292 1256 ut
302 1221 392 1272 nuper,
404 1211 476 1255 actus
486 1217 571 1271 quum
584 1202 645 1254 freto
656 1202 802 1271 Neptunius

299 1277 354 1329 dux
366 1276 440 1348 fugit,
453 1277 519 1328 ustis
531 1277 652 1338 navibus,

262 1352 377 1405 minatus
389 1352 450 1404 Urbi
462 1349 557 1412 vincla,
570 1368 638 1419 quiae
648 1350 791 1401 detraxerat

289 1427 383 1477 servis
393 1427 492 1478 amicus
503 1423 627 1494 pertidis‘?

262 1501 403 1563 Romanus,
415 1500 496 1552 eheu!
518 1498 611 1567 posteri
626 1497 762 1568 negabitis,

298 1576 475 1644 emancipatus
487 1572 606 1634 feminae,

262 1648 310 1701 fert
321 1650 418 1701 vatium
429 1657 452 1700 et
462 1666 533 1700 arma
545 1646 628 1709 miles,
641 1653 667 1698 et
676 1645 836 1716 spadonibus

299 1724 395 1775 servire
405 1724 507 1795 rugosis
518 1721 613 1791 potest!
646 1741 651 1754 ·

186 1811 193 1848 ῑ
263 1799 381 1867 interque
390 1799 463 1868 signa
476 1806 550 1865 turpe
562 1795 682 1848 miiitaria

299 1872 335 1924 soi
347 1872 455 1940 adspicit
464 1871 619 1939 oonopinmt

262 1945 301 1998 Ad
313 1947 361 1997 hoc
371 1945 506 1996 frementes
518 1951 651 1994 verterunt
660 1943 702 1994 bis
713 1942 785 1996 mille
794 1959 875 2012 equos

299 2018 376 2080 Galli,
392 2027 510 2069 canentes
521 2017 670 2081 Caesarem,

261 2091 450 2159 hostiliumque
460 2090 567 2141 navium
580 2098 654 2158 portu
667 2088 745 2142 latent

171 2178 182 2198 ‘t
253 2199 260 2212 .
299 2181 400 2234 puppes
410 2165 588 2216 sinistrorsum
600 2164 672 2215 (ritae.

262 2242 289 2293 10
300 2238 443 2306 triumphe!
465 2246 492 2289 tu
505 2238 613 2289 moraris
623 2253 714 2290 aureos

298 2330 400 2373 curruS,
412 2320 436 2363 et
446 2312 553 2364 intactas
564 2310 660 2362 boves‘?

261 2387 289 2438 Io
299 2387 443 2454 triumphe!
465 2402 512 2437 nec
523 2384 677 2456 iugurthino
687 2399 775 2452 parem

299 2459 367 2512 helio
378 2460 509 2527 reportasti
521 2459 628 2523 ducem,

186 2544 195 2566 f
263 2549 348 2600 neque
358 2532 517 2593 Africanum,
529 2532 571 2583 cni
583 2548 661 2599 super
672 2531 855 2606 Carthaginem

298 2603 382 2658 virtus
392 2605 541 2676 sepulcrum
552 2603 676 2658 condidit.
