<?xml version="1.0" encoding="UTF-8"?>
<!DOCTYPE html PUBLIC "-//W3C//DTD XHTML 1.0 Transitional//EN"
    "http://www.w3.org/TR/xhtml1/DTD/xhtml1-transitional.dtd">
<html xmlns="http://www.w3.org/1999/xhtml" xml:lang="en" lang="en">
 <head>
  <title>
</title>
<meta http-equiv="Content-Type" content="text/html;charset=utf-8" />
  <meta name='ocr-system' content='tesseract 3.04.00' />
  <meta name='ocr-capabilities' content='ocr_page ocr_carea ocr_par ocr_line ocrx_word'/>
</head>
<body>
  <div class='ocr_page' id='page_1' title='image "./qhoratiiflaccio01weisgoog_0202.png"; bbox 0 0 2067 3067; ppageno 0'>
   <div class='ocr_carea' id='block_1_1' title="bbox 296 122 833 173">
    <p class='ocr_par' dir='ltr' id='par_1_1' title="bbox 296 122 833 173">
     <span class='ocr_line' id='line_1_1' title="bbox 296 122 833 173; baseline 0.007 -4"><span class='ocrx_word' id='word_1_1' title='bbox 296 125 368 169; x_wconf 85' lang='lat' dir='ltr'>LIB.</span> <span class='ocrx_word' id='word_1_2' title='bbox 387 124 410 172; x_wconf 85' lang='lat'>1.</span> <span class='ocrx_word' id='word_1_3' title='bbox 440 125 524 172; x_wconf 76' lang='lat' dir='ltr'>SIT.</span> <span class='ocrx_word' id='word_1_4' title='bbox 544 126 624 173; x_wconf 81' lang='lat' dir='ltr'>vm.</span> <span class='ocrx_word' id='word_1_5' title='bbox 784 122 833 173; x_wconf 75' lang='grc'>189</span> 
     </span>
    </p>
   </div>
   <div class='ocr_carea' id='block_1_2' title="bbox 85 223 887 449">
    <p class='ocr_par' dir='ltr' id='par_1_2' title="bbox 85 223 887 449">
     <span class='ocr_line' id='line_1_2' title="bbox 85 223 887 299; baseline -0.002 -16"><span class='ocrx_word' id='word_1_6' title='bbox 85 242 183 299; x_wconf 74' lang='lat' dir='ltr'>aggere</span> <span class='ocrx_word' id='word_1_7' title='bbox 193 223 222 279; x_wconf 89' lang='lat' dir='ltr'>in</span> <span class='ocrx_word' id='word_1_8' title='bbox 232 224 320 296; x_wconf 77' lang='lat' dir='ltr'>aprico</span> <span class='ocrx_word' id='word_1_9' title='bbox 329 224 445 295; x_wconf 78' lang='lat' dir='ltr'>spatiari,</span> <span class='ocrx_word' id='word_1_10' title='bbox 456 225 596 297; x_wconf 90' lang='lat' dir='ltr'>quomodo</span> <span class='ocrx_word' id='word_1_11' title='bbox 605 226 692 281; x_wconf 78' lang='lat' dir='ltr'>tristcc</span> <span class='ocrx_word' id='word_1_12' title='bbox 861 238 887 281; x_wconf 83' lang='lat'>15</span> 
     </span>
     <span class='ocr_line' id='line_1_3' title="bbox 86 297 696 373; baseline -0.005 -16"><span class='ocrx_word' id='word_1_13' title='bbox 86 300 157 357; x_wconf 84' lang='lat' dir='ltr'>albis</span> <span class='ocrx_word' id='word_1_14' title='bbox 167 297 306 354; x_wconf 82' lang='lat' dir='ltr'>informem</span> <span class='ocrx_word' id='word_1_15' title='bbox 314 300 464 371; x_wconf 77' lang='lat' dir='ltr'>spectabant</span> <span class='ocrx_word' id='word_1_16' title='bbox 473 300 579 354; x_wconf 81' lang='lat' dir='ltr'>ossibus</span> <span class='ocrx_word' id='word_1_17' title='bbox 589 318 696 373; x_wconf 79' lang='lat' dir='ltr'>agrum3</span> 
     </span>
     <span class='ocr_line' id='line_1_4' title="bbox 86 373 808 449; baseline 0.003 -18"><span class='ocrx_word' id='word_1_18' title='bbox 86 393 175 449; x_wconf 91' lang='lat' dir='ltr'>quum</span> <span class='ocrx_word' id='word_1_19' title='bbox 184 374 251 429; x_wconf 90' lang='lat' dir='ltr'>mihi</span> <span class='ocrx_word' id='word_1_20' title='bbox 264 392 317 430; x_wconf 92' lang='lat' dir='ltr'>non</span> <span class='ocrx_word' id='word_1_21' title='bbox 329 382 432 431; x_wconf 82' lang='lat' dir='ltr'>tantum</span> <span class='ocrx_word' id='word_1_22' title='bbox 440 373 566 447; x_wconf 76' lang='lat' dir='ltr'>furesque</span> <span class='ocrx_word' id='word_1_23' title='bbox 574 374 705 449; x_wconf 79' lang='lat' dir='ltr'>feraeque,</span> <span class='ocrx_word' id='word_1_24' title='bbox 719 379 808 433; x_wconf 75' lang='lat' dir='ltr'>cuetcc</span> 
     </span>
    </p>
   </div>
   <div class='ocr_carea' id='block_1_3' title="bbox 6 449 725 523">
    <p class='ocr_par' dir='ltr' id='par_1_3' title="bbox 6 449 725 523">
     <span class='ocr_line' id='line_1_5' title="bbox 6 449 725 523; baseline -0.006 -16"><span class='ocrx_word' id='word_1_25' title='bbox 6 520 7 523; x_wconf 7' lang='grc' dir='ltr'><strong>Ἴ</strong></span> <span class='ocrx_word' id='word_1_26' title='bbox 86 452 162 506; x_wconf 92' lang='lat' dir='ltr'>huno</span> <span class='ocrx_word' id='word_1_27' title='bbox 171 467 265 505; x_wconf 79' lang='lat' dir='ltr'>vexere</span> <span class='ocrx_word' id='word_1_28' title='bbox 274 449 370 515; x_wconf 85' lang='lat' dir='ltr'>locum,</span> <span class='ocrx_word' id='word_1_29' title='bbox 383 466 460 505; x_wconf 74' lang='lat' dir='ltr'>curuo</span> <span class='ocrx_word' id='word_1_30' title='bbox 468 458 533 505; x_wconf 83' lang='lat' dir='ltr'>suut</span> <span class='ocrx_word' id='word_1_31' title='bbox 541 458 621 523; x_wconf 80' lang='lat' dir='ltr'>atquc</span> <span class='ocrx_word' id='word_1_32' title='bbox 629 450 725 516; x_wconf 80' lang='lat' dir='ltr'>labori,</span> 
     </span>
    </p>
   </div>
   <div class='ocr_carea' id='block_1_4' title="bbox 86 526 959 1946">
    <p class='ocr_par' dir='ltr' id='par_1_4' title="bbox 86 526 885 825">
     <span class='ocr_line' id='line_1_6' title="bbox 86 526 789 599; baseline -0.001 -18"><span class='ocrx_word' id='word_1_33' title='bbox 86 532 220 599; x_wconf 85' lang='lat' dir='ltr'>quantum</span> <span class='ocrx_word' id='word_1_34' title='bbox 230 526 392 580; x_wconf 79' lang='lat' dir='ltr'>carminibus</span> <span class='ocrx_word' id='word_1_35' title='bbox 401 543 470 597; x_wconf 86' lang='lat' dir='ltr'>quae</span> <span class='ocrx_word' id='word_1_36' title='bbox 478 532 584 581; x_wconf 86' lang='lat' dir='ltr'>versant</span> <span class='ocrx_word' id='word_1_37' title='bbox 592 533 671 598; x_wconf 85' lang='lat' dir='ltr'>atque</span> <span class='ocrx_word' id='word_1_38' title='bbox 681 528 789 581; x_wconf 87' lang='lat' dir='ltr'>venenis</span> 
     </span>
     <span class='ocr_line' id='line_1_7' title="bbox 86 600 885 673; baseline 0.001 -18"><span class='ocrx_word' id='word_1_39' title='bbox 86 602 221 656; x_wconf 79' lang='lat' dir='ltr'>humanos</span> <span class='ocrx_word' id='word_1_40' title='bbox 231 601 345 655; x_wconf 84' lang='lat' dir='ltr'>animos:</span> <span class='ocrx_word' id='word_1_41' title='bbox 366 600 416 655; x_wconf 80' lang='lat' dir='ltr'>has</span> <span class='ocrx_word' id='word_1_42' title='bbox 425 600 500 655; x_wconf 91' lang='lat' dir='ltr'>nullo</span> <span class='ocrx_word' id='word_1_43' title='bbox 508 600 616 672; x_wconf 87' lang='lat' dir='ltr'>perdere</span> <span class='ocrx_word' id='word_1_44' title='bbox 625 618 735 673; x_wconf 90' lang='lat' dir='ltr'>possum</span> <span class='ocrx_word' id='word_1_45' title='bbox 859 613 885 656; x_wconf 81' lang='lat'>2⁰</span> 
     </span>
     <span class='ocr_line' id='line_1_8' title="bbox 87 674 798 749; baseline -0.003 -18"><span class='ocrx_word' id='word_1_46' title='bbox 87 694 137 731; x_wconf 86' lang='lat' dir='ltr'>nco</span> <span class='ocrx_word' id='word_1_47' title='bbox 146 676 284 747; x_wconf 85' lang='lat' dir='ltr'>prohibere</span> <span class='ocrx_word' id='word_1_48' title='bbox 293 674 380 741; x_wconf 87' lang='lat' dir='ltr'>modo,</span> <span class='ocrx_word' id='word_1_49' title='bbox 395 674 475 730; x_wconf 79' lang='lat' dir='ltr'>simul</span> <span class='ocrx_word' id='word_1_50' title='bbox 485 692 516 729; x_wconf 83' lang='lat' dir='ltr'>cc</span> <span class='ocrx_word' id='word_1_51' title='bbox 524 694 591 749; x_wconf 81' lang='lat' dir='ltr'>vage</span> <span class='ocrx_word' id='word_1_52' title='bbox 602 676 665 731; x_wconf 84' lang='lat' dir='ltr'>luna</span> <span class='ocrx_word' id='word_1_53' title='bbox 674 675 798 730; x_wconf 89' lang='lat' dir='ltr'>decorum</span> 
     </span>
     <span class='ocr_line' id='line_1_9' title="bbox 88 750 786 825; baseline -0.003 -19"><span class='ocrx_word' id='word_1_54' title='bbox 88 750 197 824; x_wconf 88' lang='lat' dir='ltr'>protulit</span> <span class='ocrx_word' id='word_1_55' title='bbox 206 768 244 816; x_wconf 82' lang='lat' dir='ltr'>os,</span> <span class='ocrx_word' id='word_1_56' title='bbox 256 751 323 823; x_wconf 92' lang='lat' dir='ltr'>quin</span> <span class='ocrx_word' id='word_1_57' title='bbox 333 767 391 805; x_wconf 82' lang='lat' dir='ltr'>ossa</span> <span class='ocrx_word' id='word_1_58' title='bbox 402 750 488 825; x_wconf 78' lang='lat' dir='ltr'>legant</span> <span class='ocrx_word' id='word_1_59' title='bbox 499 751 645 823; x_wconf 85' lang='lat' dir='ltr'>herbasque</span> <span class='ocrx_word' id='word_1_60' title='bbox 655 758 786 805; x_wconf 79' lang='lat' dir='ltr'>nocentes.</span> 
     </span>
    </p>

    <p class='ocr_par' dir='ltr' id='par_1_5' title="bbox 87 824 702 901">
     <span class='ocr_line' id='line_1_10' title="bbox 87 824 702 901; baseline -0.005 -20"><span class='ocrx_word' id='word_1_61' title='bbox 87 826 151 883; x_wconf 86' lang='lat' dir='ltr'>Vidi</span> <span class='ocrx_word' id='word_1_62' title='bbox 162 833 262 901; x_wconf 78' lang='lat' dir='ltr'>egomet</span> <span class='ocrx_word' id='word_1_63' title='bbox 272 827 348 901; x_wconf 80' lang='lat' dir='ltr'>nigra</span> <span class='ocrx_word' id='word_1_64' title='bbox 360 826 519 880; x_wconf 85' lang='lat' dir='ltr'>succinctam</span> <span class='ocrx_word' id='word_1_65' title='bbox 529 825 622 880; x_wconf 83' lang='lat' dir='ltr'>vadere</span> <span class='ocrx_word' id='word_1_66' title='bbox 633 824 702 896; x_wconf 87' lang='lat' dir='ltr'>palla</span> 
     </span>
    </p>

    <p class='ocr_par' dir='ltr' id='par_1_6' title="bbox 88 899 702 972">
     <span class='ocr_line' id='line_1_11' title="bbox 88 899 702 972; baseline -0.008 -15"><span class='ocrx_word' id='word_1_67' title='bbox 88 902 236 967; x_wconf 76' lang='lat' dir='ltr'><strong>Canidiam,</strong></span> <span class='ocrx_word' id='word_1_68' title='bbox 249 901 362 971; x_wconf 83' lang='lat' dir='ltr'>podibus</span> <span class='ocrx_word' id='word_1_69' title='bbox 371 900 451 956; x_wconf 83' lang='lat' dir='ltr'>nudis</span> <span class='ocrx_word' id='word_1_70' title='bbox 460 917 592 972; x_wconf 81' lang='lat' dir='ltr'>passoque</span> <span class='ocrx_word' id='word_1_71' title='bbox 600 899 702 971; x_wconf 79' lang='lat' dir='ltr'>capillo,</span> 
     </span>
    </p>

    <p class='ocr_par' dir='ltr' id='par_1_7' title="bbox 88 974 884 1275">
     <span class='ocr_line' id='line_1_12' title="bbox 88 974 884 1051; baseline -0.005 -19"><span class='ocrx_word' id='word_1_72' title='bbox 88 995 151 1032; x_wconf 86' lang='lat' dir='ltr'>oum</span> <span class='ocrx_word' id='word_1_73' title='bbox 164 974 537 1051; x_wconf 80' lang='lat' dir='ltr'>Seganemciorcululantem.</span> <span class='ocrx_word' id='word_1_74' title='bbox 576 974 798 1047; x_wconf 82' lang='lat' dir='ltr'>Pellcrutrcsque</span> <span class='ocrx_word' id='word_1_75' title='bbox 859 986 884 1028; x_wconf 76' lang='lat'>25</span> 
     </span>
     <span class='ocr_line' id='line_1_13' title="bbox 89 1048 737 1123; baseline -0.006 -16"><span class='ocrx_word' id='word_1_76' title='bbox 89 1051 181 1107; x_wconf 79' lang='lat' dir='ltr'>fecerat</span> <span class='ocrx_word' id='word_1_77' title='bbox 191 1051 332 1107; x_wconf 81' lang='lat' dir='ltr'>horrendas</span> <span class='ocrx_word' id='word_1_78' title='bbox 341 1050 475 1123; x_wconf 83' lang='lat' dir='ltr'>adspectu.</span> <span class='ocrx_word' id='word_1_79' title='bbox 513 1048 737 1121; x_wconf 76' lang='lat' dir='ltr'>Soelpereterram</span> 
     </span>
     <span class='ocr_line' id='line_1_14' title="bbox 89 1124 750 1201; baseline -0.006 -17"><span class='ocrx_word' id='word_1_80' title='bbox 89 1124 643 1201; x_wconf 80' lang='lat' dir='ltr'>unguibusetpullemdivellcrcmordicus</span> <span class='ocrx_word' id='word_1_81' title='bbox 653 1142 750 1198; x_wconf 78' lang='lat' dir='ltr'>agnam</span> 
     </span>
     <span class='ocr_line' id='line_1_15' title="bbox 89 1199 741 1275; baseline -0.006 -15"><span class='ocrx_word' id='word_1_82' title='bbox 89 1210 241 1275; x_wconf 87' lang='lat' dir='ltr'>coeperunt:</span> <span class='ocrx_word' id='word_1_83' title='bbox 265 1220 341 1258; x_wconf 90' lang='lat' dir='ltr'>cruor</span> <span class='ocrx_word' id='word_1_84' title='bbox 351 1201 484 1258; x_wconf 79' lang='lat' dir='ltr'>infossam</span> <span class='ocrx_word' id='word_1_85' title='bbox 494 1199 629 1266; x_wconf 79' lang='lat' dir='ltr'>confusus,</span> <span class='ocrx_word' id='word_1_86' title='bbox 640 1208 671 1256; x_wconf 89' lang='lat' dir='ltr'>ut</span> <span class='ocrx_word' id='word_1_87' title='bbox 680 1200 741 1257; x_wconf 90' lang='lat' dir='ltr'>inde</span> 
     </span>
    </p>

    <p class='ocr_par' dir='ltr' id='par_1_8' title="bbox 88 1275 677 1349">
     <span class='ocr_line' id='line_1_16' title="bbox 88 1275 677 1349; baseline -0.012 -12"><span class='ocrx_word' id='word_1_88' title='bbox 88 1280 178 1337; x_wconf 75' lang='lat' dir='ltr'>Manes</span> <span class='ocrx_word' id='word_1_89' title='bbox 188 1277 307 1333; x_wconf 80' lang='lat' dir='ltr'>elicerent</span> <span class='ocrx_word' id='word_1_90' title='bbox 317 1278 419 1334; x_wconf 81' lang='lat' dir='ltr'>animas</span> <span class='ocrx_word' id='word_1_91' title='bbox 427 1294 553 1349; x_wconf 79' lang='lat' dir='ltr'>responsa</span> <span class='ocrx_word' id='word_1_92' title='bbox 561 1275 677 1331; x_wconf 73' lang='lat' dir='ltr'>daturas.</span> 
     </span>
    </p>

    <p class='ocr_par' dir='ltr' id='par_1_9' title="bbox 88 1352 884 1502">
     <span class='ocr_line' id='line_1_17' title="bbox 88 1352 884 1428; baseline -0.015 -16"><span class='ocrx_word' id='word_1_93' title='bbox 88 1357 175 1412; x_wconf 76' lang='lat' dir='ltr'>Lance</span> <span class='ocrx_word' id='word_1_94' title='bbox 184 1361 210 1409; x_wconf 91' lang='lat' dir='ltr'>ct</span> <span class='ocrx_word' id='word_1_95' title='bbox 218 1352 318 1428; x_wconf 80' lang='lat' dir='ltr'>effigies</span> <span class='ocrx_word' id='word_1_96' title='bbox 327 1361 389 1419; x_wconf 79' lang='lat' dir='ltr'>eret,</span> <span class='ocrx_word' id='word_1_97' title='bbox 402 1352 480 1408; x_wconf 76' lang='lat' dir='ltr'>altem</span> <span class='ocrx_word' id='word_1_98' title='bbox 490 1369 576 1407; x_wconf 84' lang='lat' dir='ltr'>ceree:</span> <span class='ocrx_word' id='word_1_99' title='bbox 597 1352 680 1407; x_wconf 81' lang='lat' dir='ltr'>maior</span> <span class='ocrx_word' id='word_1_100' title='bbox 858 1360 884 1401; x_wconf 80' lang='lat'>30</span> 
     </span>
     <span class='ocr_line' id='line_1_18' title="bbox 90 1424 708 1502; baseline -0.01 -15"><span class='ocrx_word' id='word_1_101' title='bbox 90 1430 172 1497; x_wconf 79' lang='lat' dir='ltr'>lanea,</span> <span class='ocrx_word' id='word_1_102' title='bbox 185 1447 253 1502; x_wconf 82' lang='lat' dir='ltr'>quae</span> <span class='ocrx_word' id='word_1_103' title='bbox 261 1429 353 1502; x_wconf 81' lang='lat' dir='ltr'>poenis</span> <span class='ocrx_word' id='word_1_104' title='bbox 363 1434 536 1500; x_wconf 75' lang='lat' dir='ltr'>compesceret</span> <span class='ocrx_word' id='word_1_105' title='bbox 549 1424 708 1482; x_wconf 79' lang='lat' dir='ltr'>inferiorem.</span> 
     </span>
    </p>

    <p class='ocr_par' dir='ltr' id='par_1_10' title="bbox 89 1502 702 1577">
     <span class='ocr_line' id='line_1_19' title="bbox 89 1502 702 1577; baseline -0.011 -15"><span class='ocrx_word' id='word_1_106' title='bbox 89 1506 166 1563; x_wconf 86' lang='lat' dir='ltr'>Cerea</span> <span class='ocrx_word' id='word_1_107' title='bbox 176 1504 329 1577; x_wconf 69' lang='lat' dir='ltr'>suppliciter</span> <span class='ocrx_word' id='word_1_108' title='bbox 337 1503 431 1567; x_wconf 78' lang='lat' dir='ltr'>stabat,</span> <span class='ocrx_word' id='word_1_109' title='bbox 443 1502 585 1558; x_wconf 79' lang='lat' dir='ltr'>servilibus</span> <span class='ocrx_word' id='word_1_110' title='bbox 594 1508 625 1556; x_wconf 91' lang='lat' dir='ltr'>ut</span> <span class='ocrx_word' id='word_1_111' title='bbox 633 1518 702 1572; x_wconf 82' lang='lat' dir='ltr'>quae</span> 
     </span>
    </p>

    <p class='ocr_par' dir='ltr' id='par_1_11' title="bbox 87 1576 817 1724">
     <span class='ocr_line' id='line_1_20' title="bbox 88 1576 817 1653; baseline -0.005 -18"><span class='ocrx_word' id='word_1_112' title='bbox 88 1582 141 1637; x_wconf 78' lang='lat' dir='ltr'>iem</span> <span class='ocrx_word' id='word_1_113' title='bbox 150 1577 369 1653; x_wconf 82' lang='lat' dir='ltr'>perituramodis.</span> <span class='ocrx_word' id='word_1_114' title='bbox 408 1576 698 1639; x_wconf 81' lang='lat' dir='ltr'>Hecatenvocutclterc‚</span> <span class='ocrx_word' id='word_1_115' title='bbox 713 1593 817 1632; x_wconf 71' lang='lat' dir='ltr'>scevam</span> 
     </span>
     <span class='ocr_line' id='line_1_21' title="bbox 87 1649 720 1724; baseline -0.014 -13"><span class='ocrx_word' id='word_1_116' title='bbox 87 1656 166 1711; x_wconf 86' lang='lat' dir='ltr'>altera</span> <span class='ocrx_word' id='word_1_117' title='bbox 175 1652 346 1724; x_wconf 88' lang='lat' dir='ltr'>Tisiphonen.</span> <span class='ocrx_word' id='word_1_118' title='bbox 385 1650 521 1721; x_wconf 84' lang='lat' dir='ltr'>Serpentes</span> <span class='ocrx_word' id='word_1_119' title='bbox 530 1656 609 1721; x_wconf 83' lang='lat' dir='ltr'>atque</span> <span class='ocrx_word' id='word_1_120' title='bbox 618 1649 720 1704; x_wconf 86' lang='lat' dir='ltr'>videres</span> 
     </span>
    </p>

    <p class='ocr_par' dir='ltr' id='par_1_12' title="bbox 88 1723 883 1795">
     <span class='ocr_line' id='line_1_22' title="bbox 88 1723 883 1795; baseline -0.009 -12"><span class='ocrx_word' id='word_1_121' title='bbox 88 1730 202 1785; x_wconf 81' lang='lat' dir='ltr'>infernas</span> <span class='ocrx_word' id='word_1_122' title='bbox 211 1743 295 1781; x_wconf 85' lang='lat' dir='ltr'>errare</span> <span class='ocrx_word' id='word_1_123' title='bbox 309 1740 395 1788; x_wconf 79' lang='lat' dir='ltr'>canes,</span> <span class='ocrx_word' id='word_1_124' title='bbox 408 1723 553 1795; x_wconf 83' lang='lat' dir='ltr'>lunamque</span> <span class='ocrx_word' id='word_1_125' title='bbox 561 1723 708 1788; x_wconf 85' lang='lat' dir='ltr'>rubentem,</span> <span class='ocrx_word' id='word_1_126' title='bbox 858 1734 883 1776; x_wconf 80' lang='lat'>35</span> 
     </span>
    </p>

    <p class='ocr_par' dir='ltr' id='par_1_13' title="bbox 88 1796 959 1946">
     <span class='ocr_line' id='line_1_23' title="bbox 88 1796 959 1869; baseline -0.01 -11"><span class='ocrx_word' id='word_1_127' title='bbox 88 1820 121 1860; x_wconf 94' lang='lat' dir='ltr'>ne</span> <span class='ocrx_word' id='word_1_128' title='bbox 129 1801 194 1856; x_wconf 82' lang='lat' dir='ltr'>foret</span> <span class='ocrx_word' id='word_1_129' title='bbox 202 1802 246 1854; x_wconf 84' lang='lat' dir='ltr'>his</span> <span class='ocrx_word' id='word_1_130' title='bbox 255 1800 336 1864; x_wconf 83' lang='lat' dir='ltr'>testie,</span> <span class='ocrx_word' id='word_1_131' title='bbox 349 1805 408 1869; x_wconf 88' lang='lat' dir='ltr'>post</span> <span class='ocrx_word' id='word_1_132' title='bbox 417 1814 513 1869; x_wconf 81' lang='lat' dir='ltr'>magna</span> <span class='ocrx_word' id='word_1_133' title='bbox 524 1796 602 1851; x_wconf 83' lang='lat' dir='ltr'>latere</span> <span class='ocrx_word' id='word_1_134' title='bbox 611 1796 740 1867; x_wconf 82' lang='lat' dir='ltr'>sepulcre.</span> <span class='ocrx_word' id='word_1_135' title='bbox 955 1800 959 1804; x_wconf 83' lang='lat'>&#39;</span> 
     </span>
     <span class='ocr_line' id='line_1_24' title="bbox 88 1870 760 1946; baseline -0.012 -14"><span class='ocrx_word' id='word_1_136' title='bbox 88 1876 198 1933; x_wconf 87' lang='lat' dir='ltr'>Mentior</span> <span class='ocrx_word' id='word_1_137' title='bbox 207 1882 234 1930; x_wconf 82' lang='lat' dir='ltr'>nt</span> <span class='ocrx_word' id='word_1_138' title='bbox 243 1873 351 1946; x_wconf 81' lang='lat' dir='ltr'>siquid,</span> <span class='ocrx_word' id='word_1_139' title='bbox 362 1871 461 1927; x_wconf 81' lang='lat' dir='ltr'>merdis</span> <span class='ocrx_word' id='word_1_140' title='bbox 471 1877 550 1943; x_wconf 78' lang='lat' dir='ltr'>ceput</span> <span class='ocrx_word' id='word_1_141' title='bbox 559 1870 684 1941; x_wconf 88' lang='lat' dir='ltr'>inquiner</span> <span class='ocrx_word' id='word_1_142' title='bbox 693 1870 760 1925; x_wconf 80' lang='lat' dir='ltr'>cibis</span> 
     </span>
    </p>
   </div>
   <div class='ocr_carea' id='block_1_5' title="bbox 4 1946 846 2021">
    <p class='ocr_par' dir='ltr' id='par_1_14' title="bbox 4 1946 846 2021">
     <span class='ocr_line' id='line_1_25' title="bbox 4 1946 846 2021; baseline -0.014 -10"><span class='ocrx_word' id='word_1_143' title='bbox 4 2002 5 2011; x_wconf 70' lang='grc'>,</span> <span class='ocrx_word' id='word_1_144' title='bbox 88 1968 234 2014; x_wconf 87' lang='lat' dir='ltr'>corvorum,</span> <span class='ocrx_word' id='word_1_145' title='bbox 247 1954 325 2021; x_wconf 82' lang='lat' dir='ltr'>atque</span> <span class='ocrx_word' id='word_1_146' title='bbox 333 1949 361 2002; x_wconf 93' lang='lat' dir='ltr'>in</span> <span class='ocrx_word' id='word_1_147' title='bbox 371 1964 414 2001; x_wconf 90' lang='lat' dir='ltr'>mc</span> <span class='ocrx_word' id='word_1_148' title='bbox 424 1946 511 2001; x_wconf 88' lang='lat' dir='ltr'>veniet</span> <span class='ocrx_word' id='word_1_149' title='bbox 520 1946 631 1999; x_wconf 85' lang='lat' dir='ltr'>mictum</span> <span class='ocrx_word' id='word_1_150' title='bbox 643 1953 721 2017; x_wconf 78' lang='lat' dir='ltr'>atque</span> <span class='ocrx_word' id='word_1_151' title='bbox 730 1954 846 2000; x_wconf 77' lang='lat' dir='ltr'>cacatum</span> 
     </span>
    </p>
   </div>
   <div class='ocr_carea' id='block_1_6' title="bbox 87 2020 883 2226">
    <p class='ocr_par' dir='ltr' id='par_1_15' title="bbox 87 2020 883 2226">
     <span class='ocr_line' id='line_1_26' title="bbox 87 2020 685 2097; baseline -0.01 -16"><span class='ocrx_word' id='word_1_152' title='bbox 87 2025 171 2082; x_wconf 90' lang='lat' dir='ltr'>Iulius</span> <span class='ocrx_word' id='word_1_153' title='bbox 181 2034 206 2080; x_wconf 87' lang='lat' dir='ltr'>et</span> <span class='ocrx_word' id='word_1_154' title='bbox 215 2023 316 2097; x_wconf 82' lang='lat' dir='ltr'>fragilis</span> <span class='ocrx_word' id='word_1_155' title='bbox 326 2021 440 2077; x_wconf 75' lang='lat' dir='ltr'>Pediatia</span> <span class='ocrx_word' id='word_1_156' title='bbox 450 2020 546 2095; x_wconf 83' lang='lat' dir='ltr'>furque</span> <span class='ocrx_word' id='word_1_157' title='bbox 555 2022 685 2078; x_wconf 79' lang='lat' dir='ltr'>Vorenus.</span> 
     </span>
     <span class='ocr_line' id='line_1_27' title="bbox 88 2094 883 2226; baseline -0.013 -69"><span class='ocrx_word' id='word_1_158' title='bbox 88 2100 197 2175; x_wconf 79' lang='lat' dir='ltr'>Singula</span> <span class='ocrx_word' id='word_1_159' title='bbox 206 2098 273 2173; x_wconf 89' lang='lat' dir='ltr'>quid</span> <span class='ocrx_word' id='word_1_160' title='bbox 282 2095 442 2154; x_wconf 72' lang='lat' dir='ltr'>memorem?</span> <span class='ocrx_word' id='word_1_161' title='bbox 460 2114 515 2169; x_wconf 90' lang='lat' dir='ltr'>quo</span> <span class='ocrx_word' id='word_1_162' title='bbox 525 2095 706 2226; x_wconf 58' lang='lat' dir='ltr'>pcctpplterna</span> <span class='ocrx_word' id='word_1_163' title='bbox 719 2094 829 2167; x_wconf 86' lang='lat' dir='ltr'>loquen-</span> <span class='ocrx_word' id='word_1_164' title='bbox 856 2177 883 2224; x_wconf 48' lang='lat'>4⁰</span> 
     </span>
    </p>
   </div>
   <div class='ocr_carea' id='block_1_7' title="bbox 5 2247 771 2323">
    <p class='ocr_par' dir='ltr' id='par_1_16' title="bbox 5 2247 771 2323">
     <span class='ocr_line' id='line_1_28' title="bbox 5 2247 771 2323; baseline -0.01 -16"><span class='ocrx_word' id='word_1_165' title='bbox 5 2296 12 2313; x_wconf 70' lang='grc'>,.</span> <span class='ocrx_word' id='word_1_166' title='bbox 87 2252 196 2307; x_wconf 77' lang='lat' dir='ltr'>umbrae</span> <span class='ocrx_word' id='word_1_167' title='bbox 204 2248 377 2323; x_wconf 81' lang='lat' dir='ltr'>cum&#39;Segana</span> <span class='ocrx_word' id='word_1_168' title='bbox 387 2247 533 2303; x_wconf 83' lang='lat' dir='ltr'>resonarint</span> <span class='ocrx_word' id='word_1_169' title='bbox 541 2248 613 2301; x_wconf 84' lang='lat' dir='ltr'>triste</span> <span class='ocrx_word' id='word_1_170' title='bbox 622 2254 647 2301; x_wconf 90' lang='lat' dir='ltr'>ct</span> <span class='ocrx_word' id='word_1_171' title='bbox 656 2253 771 2311; x_wconf 82' lang='lat' dir='ltr'>acutum,</span> 
     </span>
    </p>
   </div>
   <div class='ocr_carea' id='block_1_8' title="bbox 4 2314 883 2697">
    <p class='ocr_par' dir='ltr' id='par_1_17' title="bbox 4 2314 742 2470">
     <span class='ocr_line' id='line_1_29' title="bbox 4 2314 742 2399; baseline -0.008 -17"><span class='ocrx_word' id='word_1_172' title='bbox 4 2314 6 2331; x_wconf 53' lang='lat'><em>¹</em></span> <span class='ocrx_word' id='word_1_173' title='bbox 88 2334 169 2399; x_wconf 84' lang='lat' dir='ltr'>utque</span> <span class='ocrx_word' id='word_1_174' title='bbox 179 2324 235 2398; x_wconf 89' lang='lat' dir='ltr'>lupi</span> <span class='ocrx_word' id='word_1_175' title='bbox 245 2324 355 2380; x_wconf 79' lang='lat' dir='ltr'>barbam</span> <span class='ocrx_word' id='word_1_176' title='bbox 367 2324 452 2379; x_wconf 81' lang='lat' dir='ltr'>varice</span> <span class='ocrx_word' id='word_1_177' title='bbox 462 2340 524 2377; x_wconf 86' lang='lat' dir='ltr'>cum</span> <span class='ocrx_word' id='word_1_178' title='bbox 534 2322 611 2377; x_wconf 80' lang='lat' dir='ltr'>dente</span> <span class='ocrx_word' id='word_1_179' title='bbox 620 2321 742 2377; x_wconf 79' lang='lat' dir='ltr'>colubrae</span> 
     </span>
     <span class='ocr_line' id='line_1_30' title="bbox 88 2398 674 2470; baseline -0.009 -15"><span class='ocrx_word' id='word_1_180' title='bbox 88 2400 234 2455; x_wconf 77' lang='lat' dir='ltr'>adederint</span> <span class='ocrx_word' id='word_1_181' title='bbox 241 2399 332 2454; x_wconf 83' lang='lat' dir='ltr'>furtim</span> <span class='ocrx_word' id='word_1_182' title='bbox 342 2399 427 2462; x_wconf 86' lang='lat' dir='ltr'>terris,</span> <span class='ocrx_word' id='word_1_183' title='bbox 438 2404 464 2451; x_wconf 87' lang='lat' dir='ltr'>et</span> <span class='ocrx_word' id='word_1_184' title='bbox 473 2398 590 2470; x_wconf 78' lang='lat' dir='ltr'>imagine</span> <span class='ocrx_word' id='word_1_185' title='bbox 601 2413 674 2451; x_wconf 78' lang='lat' dir='ltr'>ceron</span> 
     </span>
    </p>

    <p class='ocr_par' dir='ltr' id='par_1_18' title="bbox 88 2470 883 2697">
     <span class='ocr_line' id='line_1_31' title="bbox 89 2470 727 2549; baseline -0.006 -21"><span class='ocrx_word' id='word_1_186' title='bbox 89 2474 183 2547; x_wconf 81' lang='lat' dir='ltr'>largior</span> <span class='ocrx_word' id='word_1_187' title='bbox 192 2476 285 2529; x_wconf 80' lang='lat' dir='ltr'>urserit</span> <span class='ocrx_word' id='word_1_188' title='bbox 294 2474 373 2549; x_wconf 78' lang='lat' dir='ltr'>ignis,</span> <span class='ocrx_word' id='word_1_189' title='bbox 385 2481 411 2527; x_wconf 85' lang='lat' dir='ltr'>et</span> <span class='ocrx_word' id='word_1_190' title='bbox 423 2478 462 2537; x_wconf 91' lang='lat' dir='ltr'>ut,</span> <span class='ocrx_word' id='word_1_191' title='bbox 473 2489 526 2527; x_wconf 92' lang='lat' dir='ltr'>non</span> <span class='ocrx_word' id='word_1_192' title='bbox 536 2472 609 2527; x_wconf 77' lang='lat' dir='ltr'>tectis</span> <span class='ocrx_word' id='word_1_193' title='bbox 617 2470 727 2534; x_wconf 85' lang='lat' dir='ltr'>inultus,</span> 
     </span>
     <span class='ocr_line' id='line_1_32' title="bbox 88 2545 883 2604; baseline -0.009 -1"><span class='ocrx_word' id='word_1_194' title='bbox 88 2550 233 2604; x_wconf 81' lang='lat' dir='ltr'>horruerim</span> <span class='ocrx_word' id='word_1_195' title='bbox 243 2566 319 2604; x_wconf 85' lang='lat' dir='ltr'>voces</span> <span class='ocrx_word' id='word_1_196' title='bbox 328 2548 469 2603; x_wconf 80' lang='lat' dir='ltr'>Furiarum</span> <span class='ocrx_word' id='word_1_197' title='bbox 479 2554 505 2601; x_wconf 83' lang='lat' dir='ltr'>ct</span> <span class='ocrx_word' id='word_1_198' title='bbox 513 2545 579 2601; x_wconf 82' lang='lat' dir='ltr'>facto</span> <span class='ocrx_word' id='word_1_199' title='bbox 589 2546 713 2601; x_wconf 82' lang='lat' dir='ltr'>duarum.</span> <span class='ocrx_word' id='word_1_200' title='bbox 856 2550 883 2597; x_wconf 77' lang='lat'>45</span> 
     </span>
     <span class='ocr_line' id='line_1_33' title="bbox 90 2620 731 2697; baseline -0.008 -18"><span class='ocrx_word' id='word_1_201' title='bbox 90 2626 164 2689; x_wconf 83' lang='lat' dir='ltr'>Nam,</span> <span class='ocrx_word' id='word_1_202' title='bbox 177 2623 292 2697; x_wconf 77' lang='lat' dir='ltr'>displosa</span> <span class='ocrx_word' id='word_1_203' title='bbox 301 2630 377 2681; x_wconf 81' lang='lat' dir='ltr'>sonat</span> <span class='ocrx_word' id='word_1_204' title='bbox 386 2629 517 2697; x_wconf 78' lang='lat' dir='ltr'>quantum</span> <span class='ocrx_word' id='word_1_205' title='bbox 526 2622 621 2686; x_wconf 81' lang='lat' dir='ltr'>vesica,</span> <span class='ocrx_word' id='word_1_206' title='bbox 628 2620 731 2694; x_wconf 73' lang='lat' dir='ltr'>pepedi,</span> 
     </span>
    </p>
   </div>
   <div class='ocr_carea' id='block_1_9' title="bbox 0 0 1041 3067">
    <p class='ocr_par' dir='ltr' id='par_1_19' title="bbox 0 0 1041 3067">
     <span class='ocr_line' id='line_1_34' title="bbox 0 0 1041 3067; baseline 0 0"><span class='ocrx_word' id='word_1_207' title='bbox 0 0 1041 3067; x_wconf 95' lang='lat' dir='ltr'> </span> 
     </span>
    </p>
   </div>
  </div>
 </body>
</html>
