2067 3067
457 478 600 542 OD'E
658 471 749 529 Xll.

326 618 372 661 au
396 615 421 659 e.
444 605 597 655 cinnum
619 593 877 645 uascuuarma

514 712 691 734 ...η--···“·“

267 826 391 867 Delionatur
401 832 458 861 eum,
468 830 493 854 na
504 812 590 864 postulet
599 804 637 844 ribi
648 801 692 840 euni
702 814 733 838 ree
740 810 820 845 magnas
828 795 912 833 bellicas
918 820 925 837 ,
938 793 982 843 ipse

233 885 390 943 potiusAugusti
401 897 431 921 rer
441 886 503 930 gestu
513 876 600 914 scribere
609 874 685 925 perget³
694 877 754 915 seque
763 858 984 912 patiaturhicymniam
1023 887 1030 897 ⁶

236 954 326 993 cuntibus
337 949 443 987 celebrere.
468 946 530 983 Metr.
539 936 621 977 xvlll.

273 1043 354 1109 Nolis
364 1048 441 1119 longa
451 1043 520 1097 ferae
531 1036 599 1093 bella
608 1031 775 1093 Numantiae,

275 1145 323 1183 nec
332 1124 421 1177 dirum
432 1114 614 1175 Hannibalem,
629 1126 678 1163 nee
686 1105 807 1161 Siculum
819 1116 892 1155 mare
909 1135 921 1157 -,

275 1205 360 1259 Poeno
370 1208 534 1269 purpureum
545 1186 683 1258 sanguiue,
697 1180 824 1236 mollibus

352 1272 433 1342 aptari
445 1268 558 1321 citharae
568 1259 667 1325 modis3

278 1385 326 1423 nec
335 1380 426 1419 saevos
436 1355 570 1427 Lapithas,
581 1361 606 1405 et
616 1349 730 1405 nimium
740 1362 813 1400 mero

278 1441 422 1515 Hylaeum
443 1430 588 1486 domitosve
598 1424 722 1490 Herculea
733 1438 816 1476 manu

279 1514 392 1571 Telluris
404 1502 521 1568 iuvenes
533 1502 604 1557 unde
612 1498 760 1572 periculum

354 1576 735 1660 fulgenscontremuitdomus
819 1569 824 1576 ’

281 1682 387 1741 Saturni
398 1676 504 1733 veteris:
525 1681 609 1741 tuque
618 1665 782 1739 pedestribus

205 1830 209 1841 ⁸
283 1761 354 1816 dices
364 1753 481 1811 historiis
491 1747 587 1821 proelia
598 1742 725 1805 Caesarie,

283 1838 427 1895 Maecenas,
441 1826 545 1889 melius,
558 1822 688 1890 ductaque
698 1833 744 1888 per
754 1813 811 1868 vias

359 1923 453 1981 regum
462 1901 528 1957 colla
539 1896 694 1953 minacium.
752 1962 755 1966 ἱ

286 2005 328 2061 Me
337 1999 422 2056 dulcis
432 1995 555 2049 dominae
564 1990 640 2043 Musa
651 1981 804 2055 Licymniae

287 2086 388 2139 canule,
401 2090 443 2127 me
453 2069 537 2124 voluit
546 2065 632 2118 dicere
645 2057 764 2112 lucidum

288 2153 418 2226 fulgentes
428 2143 526 2207 oculos,
539 2148 564 2194 et
573 2139 641 2192 bene
650 2131 751 2187 mutuis

365 2223 448 2278 fidum
459 2226 549 2291 pectus
559 2211 708 2269 amoribus:

291 2324 374 2395 quam
383 2332 432 2371 nec
440 2312 507 2367 seue
516 2307 608 2381 pedem
619 2300 740 2357 dedecuit
749 2295 845 2358 choris,

291 2402 340 2453 nec
349 2400 446 2447 certare
456 2389 520 2451 ineo,
533 2400 581 2438 nec
590 2381 652 2435 dare
662 2374 768 2431 brachia

292 2470 426 2527 ludentem
436 2462 527 2518 nitidis
536 2455 697 2530 virginibus,
709 2463 782 2504 sacro
822 2485 825 2491 .

367 2542 465 2597 Dianae
474 2534 583 2592 celebris
592 2531 646 2585 die.

145 2666 148 2672 ·
218 2694 221 2700 ,
295 2640 367 2693 Num
377 2642 415 2696 tu,
430 2647 498 2703 quae
507 2624 591 2693 tenuit
603 2622 678 2676 diues
688 2616 873 2673 Achaemenes,

297 2720 341 2768 aut
353 2708 462 2783 pinguis
471 2702 602 2778 Phrygiae
611 2691 768 2770 Mygdoniae
776 2702 838 2758 opes
