2067 3067
477 133 679 181 onlnem

386 430 411 501 n
441 426 472 483 n
501 426 529 482 Ε
587 424 772 482 xxxva

287 546 325 589 IN
348 543 518 589 uenenum
540 543 668 587 PuoTu
693 544 869 591 Nummus.

202 751 319 789 Adventum
332 750 374 787 eius
388 762 412 787 ex
425 749 525 799 Hispania
537 749 599 787 hilari
614 750 706 788 convivio
720 757 739 788 et
752 750 791 789 sibi
805 758 824 790 et
836 752 919 791 Lamiae
932 761 955 793 et

260 814 341 853 numni
348 814 449 863 numque
458 814 598 851 celebrandum
608 826 649 850 me
659 816 770 854 eeutendit.
793 819 855 855 Metr-
865 817 891 854 V.

241 906 365 968 Ettlmre
374 921 399 967 et
408 912 507 967 fidibus
517 914 592 969 iuvat

277 987 388 1059 placare,
401 996 426 1042 et
439 988 516 1042 vituli
526 990 656 1063 sanguine
665 987 753 1045 debite

242 1063 362 1117 custodes
373 1062 502 1118 Numidae
512 1062 583 1129 deos,
824 1116 830 1124 ,

179 1154 182 1161 ·
278 1138 325 1209 qui
337 1154 409 1191 nune
419 1139 542 1208 llesperia
552 1156 641 1211 sospes
650 1141 684 1194 ab
696 1140 798 1207 ultima,
885 1192 889 1198 .

241 1214 307 1267 oaris
318 1211 401 1266 multa
411 1212 555 1278 sodalibus

279 1287 345 1341 nulli
356 1287 431 1358 plura
442 1294 529 1341 tamen
542 1288 637 1343 dividit
644 1289 742 1355 oscula,

242 1380 323 1434 quarn
334 1362 405 1416 dulci
415 1361 529 1427 Lamiae,
542 1380 643 1418 memor

279 1446 348 1492 actae
359 1454 411 1491 non
422 1436 473 1491 alio
482 1455 543 1510 rege
554 1440 678 1509 puertiae,

241 1520 408 1584 mutataeque
418 1512 498 1567 simul
509 1521 593 1588 togae.

280 1588 370 1643 Cressa
382 1606 414 1642 ne
424 1596 508 1641 careat
515 1588 627 1659 pulchra
635 1589 692 1643 dies
701 1597 774 1644 nota:

242 1681 293 1717 neu
304 1649 419 1735 prilmlae
430 1663 525 1717 modus
534 1664 683 1735 amphorae,

279 1756 330 1792 neu
342 1756 441 1793 morem
452 1738 480 1793 iu
490 1737 593 1793 Salium
602 1740 637 1794 sit
646 1740 751 1810 requies
760 1736 873 1809 viedum:

241 1831 293 1867 neu
304 1813 380 1867 multi
390 1813 506 1868 Damalis
518 1815 585 1868 meri

278 1890 390 1943 Bassum
400 1889 518 1943 Tlneieia
529 1890 618 1943 vineat
627 1888 770 1962 amystide:

241 1981 293 2018 neu
304 1962 389 2017 desint
399 1962 484 2035 epulis
495 1982 577 2028 resae,

279 2056 331 2091 neu
343 2040 421 2092 vivax
430 2039 531 2109 apium,
544 2056 596 2093 neu
606 2039 684 2093 breve
695 2036 789 2091 lilium.

242 2112 340 2167 Omnes
351 2114 378 2167 in
391 2112 509 2166 Damalin
520 2121 609 2183 putres

279 2186 520 2258 deponentoculos3
542 2204 590 2242 nee
599 2186 713 2241 Damalis
723 2204 792 2242 nove

241 2261 380 2317 divelletur
393 2262 518 2327 adultero,

150 2346 176 2390 20
281 2336 387 2391 lascivis
397 2337 500 2392 hederis
510 2337 683 2393 ambitiosior.
