2067 3067
222 144 272 199 220
475 144 715 195 SATYRARUM

222 270 281 305 uer.
291 250 369 305 Docte
381 249 447 315 Cati,
459 266 506 321 per
515 251 658 305 amicitiam
668 250 799 323 divosque
808 257 925 324 rogatum,

222 325 316 381 duoere
325 324 508 391 mauditum,
521 342 614 399 perges
624 342 803 398 quocumque,
815 334 958 381 memento.

168 411 194 455 to
224 402 301 467 Nam,
317 401 441 474 quamvis
450 402 563 456 memori
572 400 669 456 referas
678 402 745 455 mihi
754 409 856 473 pectore
865 411 969 467 eunom,

223 494 276 531 non
286 484 372 532 tamen
383 476 510 549 interpres
519 477 684 531 tantumdem
694 477 802 531 iuveris.
823 476 899 531 Adde

222 551 329 607 vultum
341 550 516 623 habitumque
526 552 657 622 hominis;
678 568 759 625 quem
774 559 803 606 tu
812 552 913 606 vidisse
925 553 972 607 he-

718 634 777 681 atus

222 719 275 757 nou
288 700 490 775 magnipendis,
503 702 566 773 quia
576 702 699 775 mutigit3
720 709 747 756 at
756 701 825 756 mihi
835 719 899 758 cura

222 796 276 835 nou
286 776 424 832 mediocris
435 778 511 842 inest,
524 776 608 832 fontes
620 785 650 831 ut
658 777 731 831 adire
740 786 852 833 remotos

168 865 193 907 95
222 862 301 926 atque
310 852 417 909 haurire
427 868 524 925 queam
535 853 604 909 vitae
612 860 747 925 praeoepta
756 852 855 907 beatae.

423 1070 674 1127 Sauum
718 1069 759 1126 V.

256 1305 289 1341 Da
298 1302 431 1341 hereditatum
441 1302 576 1352 upmon'bm
585 1301 651 1351 agitur
659 1302 681 1341 in
690 1302 768 1352 dialogo
777 1302 876 1343 Timum
886 1304 940 1343 inter
950 1315 970 1344 et

220 1366 312 1411 Ulixem,
326 1366 361 1416 qui
374 1368 437 1404 redux
451 1374 471 1405 et
484 1379 561 1416 pauper
574 1379 600 1403 ex
617 1366 655 1404 illo
667 1367 754 1417 querit,
767 1381 807 1418 qun
818 1368 894 1406 ratione
912 1369 969 1407 dives

221 1430 265 1468 fieri
274 1429 344 1480 poerit.

258 1519 366 1585 Uerres.
377 1530 431 1584 Hoo
444 1545 559 1603 quoque,
571 1530 679 1596 Tiresia,
695 1537 797 1603 praeter
809 1541 912 1587 narrata
921 1551 970 1605 pe-

714 1607 778 1659 tenti

221 1680 357 1751 responde,
370 1680 470 1753 quibus
479 1681 590 1736 amissae
600 1698 719 1751 reparare
726 1697 823 1752 ‹pream
834 1700 875 1735 ree

220 1757 321 1810 artibus
336 1762 414 1829 atque
428 1756 524 1811 modis.
563 1756 633 1823 Quid
648 1755 737 1810 rides‘?
754 1774 803 1810 rm.
820 1759 968 1812 lampedo

712 1830 768 1884 loeo

219 1922 271 1959 uon
284 1906 348 1960 satis
358 1914 397 1960 est
405 1906 521 1961 Ithacam
533 1905 622 1960 revehi
634 1904 784 1977 patriosque
792 1915 898 1976 penates

178 2030 182 2038 r
219 1978 369 2051 adspioere?
381 1998 447 2036 omx.
458 1978 481 2034 Ο
491 1978 559 2034 nulli
568 1978 716 2051 quidquam
725 1981 841 2046 mentite,
849 1980 925 2045 videa
935 1990 966 2036 ut

218 2054 307 2109 nudus
317 2056 447 2126 inopsque
455 2054 565 2108 domum
575 2053 687 2119 redeam,
699 2062 799 2124 tevate;
815 2072 902 2127 neque
910 2056 966 2111 illic

218 2137 264 2183 aut
273 2130 395 2201 apotheca
407 2129 493 2199 proois
503 2128 598 2183 intarta
607 2136 648 2183 est
659 2140 705 2184 aut
712 2147 807 2201 pecua:
828 2132 901 2203 atqui

218 2211 243 2257 et
250 2220 336 2277 genus
345 2212 370 2257 et
379 2204 473 2268 virtus,
485 2203 538 2258 nisi
548 2218 609 2257 oum
619 2221 656 2269 re,
671 2204 748 2259 vilior
757 2204 816 2277 alga
825 2214 874 2259 eet.

217 2297 269 2332 rm.
281 2277 392 2345 Quando
402 2279 564 2350 pauperiem,
577 2278 666 2333 missis
676 2280 843 2353 ambagibus,
859 2280 961 2347 horrea,

164 2363 188 2405 10
217 2354 313 2424 accipe,
326 2371 379 2426 qua
392 2354 491 2409 ratione
500 2371 583 2426 queas
595 2352 729 2409 diteeoere.
767 2354 874 2411 Turdus

216 2428 273 2481 sive
282 2428 356 2482 aliud
363 2428 472 2499 privum
482 2428 588 2483 dabitur
597 2429 654 2494 tibi,
666 2428 767 2484 devolet
776 2428 849 2494 illue,

216 2518 258 2553 res
268 2502 315 2555 ubi
324 2519 421 2577 magua
431 2503 503 2567 nitet,
515 2502 623 2557 domiuo
631 2520 706 2557 sene:
727 2502 814 2557 dulcia
826 2521 906 2575 poma

216 2580 241 2626 et
250 2590 433 2649 quoscumque
442 2575 599 2631 feretcultus
608 2577 657 2630 tibi
665 2575 767 2631 fundus
775 2577 897 2644 honores,

216 2654 276 2701 ante
284 2648 377 2705 Larem
386 2658 474 2724 gustet
483 2650 657 2708 venerabilior
666 2651 732 2705 Lare
740 2650 828 2720 divam
