2067 3067
306 162 378 209 LIB.
398 163 419 208 I.
449 164 533 209 sAT.
551 163 587 210 V,
772 162 816 213 l8l

74 264 122 318 »ni
132 263 197 319 foret
205 270 308 318 exsecto
318 261 414 327 irons,«
425 264 522 335 inquit,
533 264 614 335 aquid
622 262 726 331 laceres,
734 286 820 339 quum

75 341 132 393 asic
142 338 252 393 mutilus
262 337 425 391 miniterislc
443 338 478 391 At
487 338 527 392 illi
537 338 610 393 foeda
620 340 727 396 cicatrix
849 355 875 396 tu

75 422 188 469 setosam
200 413 267 468 laevi
277 412 389 467 frontem
399 420 548 484 turpaverat
556 414 619 469 oris.

76 490 242 561 Campanum
252 488 280 543 in
291 489 423 552 morbum,
435 489 463 542 in
474 488 566 543 faciem
576 489 706 560 permulta
715 492 822 561 iocatus,

75 574 205 637 pastorem
216 564 319 619 saltaret
328 564 367 617 uti
378 564 500 637 Cyclopa,
511 566 632 638 rugabat:

76 640 114 693 nil
127 640 167 693 illi
178 639 250 693 larva
260 647 306 693 aut
314 640 420 712 tragicis
427 657 495 717 opus
504 658 561 695 esse
570 641 716 695 cothurnis.

76 714 158 769 Multa
169 714 285 769 Cicirrus
296 714 414 769 adhaec:
435 716 557 770 donasset
566 716 654 770 iamne
662 728 779 770 catenam
850 730 875 771 tt

76 807 109 844 ex
119 791 309 855 vomeribus,
321 790 474 861 quaerebat:
495 792 581 845 scriba
591 791 662 862 quod
672 800 747 855 osset,

77 864 190 918 deterius
200 865 285 919 nihilo
296 864 417 919 dominae
427 866 469 919 ius
479 882 546 921 esse.
585 866 703 939 [tegebat

77 939 200 1011 denique,
215 956 262 994 cur
272 958 401 1013 umquam
411 938 530 1017 fugisset,
541 940 585 994 cui
594 942 658 995 satis
667 958 720 994 una

2 1040 3 1055 ι
77 1014 153 1069 larris
164 1014 231 1069 libra
240 1014 313 1080 foret,
324 1015 416 1089 gracili
426 1018 472 1080 sic,
487 1024 595 1087 tamque
603 1014 719 1087 pusillo?

77 1088 187 1144 Prorsus
197 1090 311 1145 iucunde
319 1106 426 1145 coenam
437 1091 612 1163 produximus
622 1090 705 1144 illam.
849 1104 875 1146 to
951 1149 953 1153 ,

78 1164 222 1219 Tendimus
243 1164 306 1220 hinc
329 1174 397 1221 recta
419 1168 610 1234 beneventum
641 1166 688 1220 ubi
712 1164 821 1220 sedulus

2 1290 3 1293 ,
569 1242 618 1295 hos
737 1264 739 1271 ·

8 1340 10 1345 s
76 1332 159 1386 paene
172 1332 272 1371 macros
281 1316 345 1369 arsit
353 1316 419 1371 dum
433 1317 524 1371 turdos
537 1258 665 1370 versabili
670 1317 740 1389 igni:

77 1408 138 1443 narn
149 1408 215 1463 vaga
224 1408 271 1462 per
280 1399 392 1446 veterem
403 1391 505 1463 dilapso
514 1390 620 1445 llamma
630 1390 746 1445 culinam

77 1464 203 1530 Vulcan0‚
218 1484 355 1519 summum
364 1467 518 1537 properabat
528 1465 643 1520 lambere
652 1473 758 1520 tectum.

78 1538 209 1595 Convivas
218 1540 309 1594 avidos
319 1556 425 1594 coenam
435 1541 707 1611 servosquetimentes
849 1551 874 1592 75

78 1622 134 1668 tum
145 1632 234 1684 rapere
243 1622 321 1685 atquc
330 1630 421 1668 omnes
430 1616 591 1686 restinguere
600 1613 667 1667 velle
678 1614 788 1669 videres.

77 1689 171 1759 Incipit
179 1706 214 1742 ex
224 1687 268 1741 illo
278 1696 379 1743 montes
388 1685 502 1759 Appulia
512 1696 586 1744 notos

76 1770 206 1818 ostentare
215 1762 291 1826 mihi,
304 1778 370 1832 quos
380 1770 459 1815 torret
467 1760 606 1826 Atabulus,
618 1769 643 1814 et
652 1780 720 1832 quos
791 1820 798 1836 ·

78 1851 226 1909 numquam
236 1852 395 1907 erepeemus‚
408 1834 459 1890 nisi
472 1852 520 1891 nos
530 1836 616 1889 vicina
627 1834 724 1890 Trivici
816 1861 824 1875 ·

77 1912 141 1967 villa
151 1910 296 1983 recepisset,
309 1909 454 1985 lacrymoso
463 1928 515 1965 non
526 1909 584 1964 sine
592 1907 675 1976 iumc,
849 1922 876 1963 8⁰

77 1986 144 2041 udos
154 2004 215 2040 cunr
225 1985 294 2041 foliis
304 2004 391 2041 ramos
401 1992 491 2040 urente
501 1985 614 2053 caminp.
643 2002 647 2008 ’

77 2062 125 2116 Hic
134 2080 182 2135 ego
192 2061 344 2118 mendacem
354 2060 527 2117 stultissimus
536 2078 622 2133 usqne
631 2058 746 2132 puellam

3 2191 7 2202 ,
78 2136 486 2209 admediamnoctemexspectc.
518 2136 633 2191 Somnus
642 2144 729 2189 tamen
739 2132 822 2188 aufert

4 2223 9 2248 ¹
79 2212 207 2267 intentum
219 2212 325 2269 Veneri:
346 2220 403 2269 tum
414 2212 554 2267 immundo
563 2212 666 2266 somnia
675 2211 737 2265 visu

79 2294 232 2343 nocturnam
242 2296 341 2343 vestem
351 2288 492 2353 maculant,
502 2296 674 2357 ventremque
682 2284 820 2357 supinum.
850 2294 876 2335 85

78 2361 203 2426 Quattuor
213 2364 276 2417 hinc
286 2366 405 2434 rapimur
414 2363 509 2436 viginti
520 2370 546 2415 et
554 2360 637 2415 millia
646 2359 744 2424 rhedis,

78 2438 197 2491 mansuri
206 2438 341 2509 oppidulo,
353 2438 426 2513 quod
435 2456 514 2493 versu
524 2437 610 2491 dicere
619 2452 671 2490 non
681 2442 733 2504 θεῖς

1 2510 3 2529 “
78 2510 162 2583 signis
170 2512 292 2582 perfacile
301 2524 349 2570 est.
389 2514 466 2572 Venit
475 2511 605 2569 vilissima
618 2528 708 2565 rerum
793 2511 798 2519 ’

77 2584 122 2639 hic
134 2602 216 2657 aqua;
239 2586 670 2663 sedpanislongepulcherrimus‚
684 2584 753 2641 ultra
839 2583 841 2586 ’

78 2659 188 2715 callidus
196 2669 227 2717 ut
239 2660 445 2721 seleathumeris
454 2672 556 2735 portare
565 2662 660 2718 viator:
850 2667 876 2710 to
