2067 3067
5 407 7 416 i

259 161 331 210 mn.
349 162 373 210 1.
397 159 524 210 nmen.
543 161 615 209 XIV.
759 154 809 210 259

62 260 245 329 insolabiliter,
257 271 343 319 tamen
354 265 422 318 istno
431 279 508 317 mens
515 263 676 332 animusque

62 339 122 405 lert,
134 346 160 394 et
169 346 239 394 amat
248 339 339 411 spatiis
348 338 477 394 obstantia
487 352 611 407 rumpere
620 335 741 390 claustra.

63 415 136 470 Rure
145 431 194 487 ego
206 413 348 479 viventem,
359 419 389 468 tu
399 413 465 468 dieis
476 412 504 467 in
514 413 582 467 mbo
591 411 707 465 beatum.
837 420 864 463 ro

64 489 116 545 Cui
125 488 209 560 planet
218 486 335 554 alterius,
347 505 396 544 sua
405 487 533 543 nimirum
546 494 586 542 ast
594 485 655 540 edio
664 503 732 539 sors.

5 585 7 634 5
65 563 167 619 Stultus
178 571 288 637 uterque
298 563 385 619 looum
395 563 558 618 immeritum
571 569 693 615 (ansatur
702 560 807 630 inique:

5 811 7 880 l

65 639 96 694 in
105 637 182 711 eulpa
191 646 230 693 est
239 639 355 704 animus,
367 639 415 711 qui
423 655 453 693 se
461 655 514 694 non
524 637 616 709 effugit
624 652 764 706 umquam.

66 715 108 768 Tu
117 713 291 768 mediastinus
302 714 382 768 tacita.
388 729 464 786 preoe
474 731 536 767 rura
546 711 661 782 petebas,

66 805 139 844 nuno
148 789 241 844 urbem
249 796 275 844 et
283 787 360 843 ludos
370 796 397 854 et
405 787 498 844 balnea
508 786 615 841 villicus
624 792 711 856 optas3
839 793 865 836 15

5 881 6 938 3
65 881 110 918 ma
119 871 236 918 oonstare
246 863 315 917 mihi
325 862 390 928 scis,
401 870 425 916 et
434 862 567 916 discedere
576 862 685 924 tristem,

5 969 6 1000 1
65 937 288 1010 quandocumque
297 937 406 991 trahunt
415 937 500 992 invisa
510 936 614 1009 negotia
623 937 744 988 Romam.

5 1017 6 1026 ’
65 1015 125 1068 Non
135 1011 225 1066 eadem
234 1012 377 1081 miramur,
398 1010 602 1066 eodisoonvenit
614 1011 683 1063 inter

66 1104 163 1158 meque
172 1094 197 1140 et
206 1093 244 1141 te:
266 1103 338 1151 nam,
350 1102 419 1158 quaa
428 1085 527 1140 deserta
538 1091 563 1140 et
572 1085 704 1154 inhospita
713 1090 806 1155 tesqua

66 1161 160 1227 eredis,
171 1177 280 1216 amoena
289 1166 374 1227 vocat,
385 1178 490 1215 mecum
499 1160 548 1232 qui
556 1161 642 1216 sentit.
655 1167 679 1213 et
691 1159 754 1223 odit,
839 1166 865 1209 ru

66 1235 293 1308 quaatupulohra
302 1243 390 1307 putes.
425 1235 704 1290 Fornixtibietuneta
713 1233 809 1306 popina

5 1321 6 1370 i
66 1311 198 1365 incutiunt
208 1311 282 1365 urbis
291 1309 559 1376 desiderium‚.video,
573 1318 599 1364 et
610 1311 682 1381 quod

67 1385 182 1458 angulus
192 1386 241 1440 iste
249 1384 312 1441 leret
320 1387 396 1458 piper
404 1393 430 1440 at
438 1395 481 1440 tus
491 1387 565 1440 ocius
575 1403 641 1453 uva,

21 1461 24 1466 '
68 1477 116 1514 nec
124 1460 210 1515 vicina
223 1461 313 1514 subest
322 1462 417 1514 vinum
427 1461 551 1532 praebere
563 1461 670 1514 taberna

66 1551 136 1605 quae
145 1534 227 1604 pessit
235 1534 293 1596 tibi,
306 1549 353 1587 neo
362 1535 485 1588 meretrix
493 1535 611 1597 tibieina,
623 1534 700 1587 euius
840 1542 866 1584 25

4 1663 5 1668 ,
68 1606 102 1661 ad
111 1605 247 1675 strepitum
260 1605 338 1660 salias
348 1614 430 1660 terrae
438 1607 542 1678 gravis:
564 1615 590 1659 et
598 1615 684 1661 tamen
694 1623 774 1678 urges

4 1677 6 1736 ἶ
68 1679 225 1750 iampridem
236 1695 288 1734 non
298 1687 364 1733 tacta
374 1679 509 1764 ligonibus
519 1697 590 1743 arva,
605 1680 754 1751 bovemque

68 1754 230 1809 disiunctum
240 1769 317 1808 ouras
327 1761 352 1807 et
361 1760 457 1806 strictis
465 1752 605 1807 frondibus
613 1755 717 1824 expiem

4 1863 6 1888 r
68 1828 140 1884 addit
149 1843 216 1899 opus
225 1827 393 1900 piginrivus,
401 1827 428 1880 si
438 1826 535 1880 dedidit
544 1826 637 1890 imber,

4 1923 6 1980 ᾗ
68 1903 153 1958 multa
162 1901 678 1973 moledooendusuprimpamreprato.
840 1914 866 1957 ao

4 2011 6 2042 ,
68 1981 155 2042 Nune,
164 1993 223 2051 age,
236 1977 303 2049 quid
313 1973 717 2041 nostrum'eonoentumdividat,
727 1977 801 2031 audi.

4 2071 6 2110 l
68 2053 153 2119 Quem
163 2050 703 2124 tenuandeararetegaenitidiquaeapiili,

67 2144 149 2200 quem
162 2127 214 2181 sois
223 2125 633 2198 immunerinamerplamime
640 2127 737 2197 repeei,

68 2219 148 2274 quern
154 2200 279 2257 bibulum
290 2200 386 2273 liquidi
395 2199 481 2254 media
494 2199 528 2256 de
538 2202 595 2255 iuoe
602 2201 715 2265 Falerni,

68 2271 811 2347 ooenabrerisiuvatetpreperivmnsmnnusiuirerba,
843 2285 868 2328 35

68 2367 117 2405 nee
128 2350 323 2422 lusissepudet,
330 2350 444 2405 sednon
455 2349 684 2404 inuidere-ludim.

68 2426 127 2480 Non
136 2425 197 2480 intio
204 2425 318 2498 oblbquo
322 2425 398 2480 oculo
408 2441 466 2479 mea
475 2423 612 2478 eummoda
619 2425 765 2496 quiequam

68 2499 152 2565 limat,
164 2499 288 2555 non'edio
297 2501 564 2571 nummamorauqua
572 2509 697 2567 venenam

68 2573 155 2629 rident
163 2574 346 2648 vieinisslabn
358 2581 625 2631 etsaxarnuventem.
638 2572 642 2580 '

69 2648 138 2706 Cum
147 2650 232 2708 servis
242 2651 343 2708 urbana
352 2650 436 2707 diaria
447 2649 646 2720 mdoremavis3
843 2654 870 2701 io

651 2738 746 2800 Μ’
