2067 3067
392 165 550 216 LIBER.
792 163 835 217 idi

136 270 308 342 »Dirisegam
317 285 378 335 v0s3
400 270 456 323 dira
465 270 597 324 detestatio

111 395 115 402 .
172 344 520 414 »nullaexpiaturvictimu

136 418 235 486 »Qum
248 419 294 472 nbi
305 419 389 488 perire
399 419 488 472 iussus
497 420 686 489 exspiraver0,'

174 501 336 546 »nocturnus
344 509 479 548 occurram
489 493 574 559 iur0r3

137 576 293 639 »petamque
303 567 393 620 vultus
403 569 496 621 umbra
506 569 595 621 curvis
608 568 752 640 unguibus,

175 659 261 712 »quae
271 643 312 695 vis
321 641 430 695 deorum
441 651 478 694 est
488 643 615 706 Manium,

137 724 181 770 net
191 717 314 786 inquietis
324 716 446 769 adsidens
456 717 621 786 praeeordiis‚

175 807 288 862 »pavere
296 790 538 844 somnosauieram.

137 866 207 921 »Vos
217 866 292 937 turba
302 865 408 918 vicatim
418 865 445 916 hi
450 881 481 916 ne
490 871 515 916 et
524 865 586 916 hinc
597 863 668 916 saxis
677 869 767 933 petens

175 939 334 994 »contundet
343 940 469 992 obsoenas
480 956 560 990 nnus:

138 1021 214 1086 »post
224 1012 353 1083 insepulta
363 1013 480 1066 membra
490 1013 608 1065 different
617 1011 674 1082 lupi

175 1087 482 1158 netExquilinaeaiites3
569 1092 576 1128 ·'
857 1096 896 1138 tto

138 1180 242 1233 »neque
251 1163 300 1215 hoo
309 1170 436 1232 parentes,
449 1162 500 1214 heu
511 1161 578 1214 mihi
588 1161 747 1232 superstites,

176 1235 529 1310 »effugeritspeetaeulnmtu

293 1435 320 1488 Ε
338 1435 364 1490 P
383 1436 456 1492 01)
476 1436 500 1492 0
520 1435 541 1492 S
586 1436 651 1493 vl.

233 1553 274 1596 ru
302 1552 482 1596 cessrun
509 1553 707 1596 snvnnun.

114 1752 220 1790 Invehitur
229 1751 251 1790 in
260 1753 421 1790 calumniatorem
423 1779 430 1796 ‚
440 1753 498 1801 eique
507 1765 589 1824 pomum
599 1752 693 1790 minatur.
716 1753 776 1790 Metr.
786 1751 836 1788 XII.

142 1825 220 1901 Quid
230 1836 395 1889 immerentes
403 1835 518 1904 hospites
528 1851 617 1898 vexas,
629 1834 710 1898 nanis,

178 1911 290 1982 ignavus
300 1911 441 1964 adversum
452 1907 546 1978 lupos?

141 1985 211 2050 Quin
222 1985 274 2038 hue
284 1986 384 2047 inanes,
397 1985 421 2036 si
430 1991 511 2054 potes,
524 1983 707 2048 ventisminas

177 2066 203 2112 et
213 2077 254 2111 me
264 2076 440 2112 remorsurum
453 2057 537 2129 petis‘?

140 2134 218 2195 Nam,
230 2133 317 2203 quatis
326 2141 371 2186 aut
379 2133 509 2187 Motuseus
518 2140 563 2187 aut
573 2131 662 2186 fulvus
674 2133 768 2193 Lunen,

178 2207 260 2259 amica
271 2208 312 2259 vis
322 2208 478 2277 pasteribus,

141 2298 217 2352 agam
227 2298 272 2350 per
282 2280 346 2333 altas
355 2299 418 2334 aure
427 2281 528 2333 subiate
540 2282 623 2342 niune,

179 2371 362 2425 quaecumque
370 2355 504 2424 praecedet
512 2355 574 2406 feru.

142 2427 191 2490 Tu,
204 2446 289 2497 quum
298 2426 627 2496 timenda-voeucnmplesti
638 2441 740 2486 nemus,

179 2503 322 2571 proiectum
332 2502 448 2555 odoraris
457 2502 556 2553 cibum.

142 2575 220 2638 Cave,
232 2593 308 2629 cave:
330 2592 446 2646 namque
455 2576 483 2628 in
492 2574 575 2628 mulus
585 2571 744 2642 asperrimus

179 2650 339 2722 parata-tollo
350 2667 448 2704 uornue
454 2667 461 2718 ;
