2067 3067
249 171 322 218 ΗΒ.
341 171 363 216 1.
394 171 520 218 EPIST.
539 168 622 218 xvn.
757 164 808 220 265

166 377 514 456 ‘urrunnun
560 395 695 452 xvu.

288 512 340 556 AD
370 513 578 557 SOAEVAM.

126 725 161 762 De
169 720 305 772 potentiorum
314 719 402 758 amicitia
411 721 498 769 paranda
508 719 629 769 dolendaque
637 717 743 768 praecipit.

102 794 252 872 Quamvis,
272 803 381 870 Scaeva,
402 804 465 858 satis
479 820 527 875 per
539 811 564 856 te
576 801 625 888 tibi
638 800 769 867 oonsulis,
784 809 809 856 et

558 893 619 942 seis,

64 971 120 1028 qun
128 954 235 1008 taudem
243 959 319 1025 paeto
328 952 415 1007 densat
424 951 570 1006 maioribus
578 953 633 1006 uti:

64 1029 145 1094 disee,
157 1027 291 1083 doeendus
301 1026 388 1082 adhue
397 1044 465 1098 quae
474 1032 562 1081 denset
574 1024 719 1094 amiculum
741 1034 772 1081 ut
784 1026 808 1081 si

64 1119 157 1158 naeuus
163 1103 215 1157 iter
224 1110 369 1158 monstrare
380 1102 452 1166 velit,
468 1113 556 1158 tamen
566 1100 680 1172 adspioe,
691 1101 792 1173 siquid

63 1187 91 1234 et
99 1195 157 1243 nos,
169 1177 242 1250 quod
251 1194 326 1232 eures
335 1178 472 1249 proprium
485 1175 586 1243 lenisse,
601 1175 751 1248 loquamur.
852 1188 864 1230 5

64 1253 128 1308 Sita
137 1259 211 1326 grata
219 1253 295 1324 quies
305 1259 330 1307 et
338 1253 453 1324 primam
463 1269 573 1306 somnus
582 1252 611 1306 in
622 1251 714 1306 horam

65 1326 186 1392 delectat,
202 1328 225 1382 si
235 1326 356 1399 tepulvis
366 1328 543 1400 strepitusque
552 1336 678 1393 rotarum,

65 1402 89 1456 si
100 1400 179 1457 laedit
188 1418 319 1476 caupona,
341 1404 510 1458 Ferentinum
522 1403 559 1457 ire
568 1401 678 1457 iubebo:

6 1495 9 1502 ·
65 1494 128 1532 nam
139 1494 225 1548 neque
235 1477 363 1531 divitibus
372 1479 529 1550 nontingunt
540 1478 637 1550 gaudia
647 1476 719 1541 solis,

65 1567 115 1605 neo
124 1550 192 1604 vixit
201 1549 278 1615 male,
289 1552 338 1621 qui
348 1558 425 1606 natus
435 1552 604 1621 moriensque
613 1550 711 1605 fefellit.
839 1561 864 1601 10

5 1641 7 1694 g
65 1623 94 1678 Si
107 1622 230 1694 prodesse
237 1625 290 1677 tuis
300 1623 443 1696 paulloque
451 1625 595 1696 benignius
606 1625 695 1694 ipsum

5 1707 7 1756 ἶ
65 1705 91 1753 te
101 1696 298 1762 tractaremus,
311 1697 415 1752 amodes
424 1699 510 1752 alenus
523 1698 558 1752 ad
567 1706 687 1753 unctum.

65 1771 114 1827 »si
123 1769 329 1842 pranderetolus
338 1771 472 1843 patienter,
485 1772 594 1844 regibus
604 1773 643 1825 uti
680 1775 684 1778 ’

65 1846 165 1902 »nollet
174 1845 354 1918 Aristippus«
392 1845 464 1902 tasi
474 1847 551 1900 acuat
562 1846 670 1918 regibus
684 1847 732 1910 uti,

65 1920 213 1976 »fastidiret
222 1921 289 1986 olna,
302 1921 350 1994 qui
360 1938 403 1975 me
412 1928 513 1976 notata
550 1919 745 1974 Utriushorum
840 1934 864 1974 15

66 1997 148 2052 verba
157 1996 251 2067 probas
261 2003 286 2050 at
294 1994 369 2060 laeta,
381 1994 452 2060 done,
465 1994 506 2051 vel
517 1994 605 2050 iunior
615 1993 687 2059 audi,

66 2087 115 2126 cur
123 2071 159 2126 sit
167 2070 294 2143 Aristippi
304 2071 388 2143 potior
401 2071 537 2125 sententia.
576 2071 697 2142 Namque

15 2145 17 2150 '
66 2146 216 2200 mordacem
227 2145 357 2220 Cynicum
369 2145 407 2200 sic
416 2145 546 2211 eludebat,
557 2152 588 2200 ut
598 2145 685 2200 aiunt:

66 2219 195 2275 »Seurror
203 2237 252 2293 ego
261 2221 318 2292 ipsa
327 2221 403 2285 mihi,
415 2221 513 2293 populo
523 2228 566 2288 tu;
587 2221 683 2274 rectius
693 2219 776 2273 hoeet

67 2294 253 2367 »splendidius
267 2295 350 2350 multo
364 2302 412 2350 est.
451 2297 545 2368 Equus
558 2302 588 2349 ut
597 2312 641 2349 ma
654 2300 745 2366 portet,
761 2293 813 2348 alat

563 2384 618 2433 rex,
840 2380 866 2421 lu

68 2442 290 2498 »officiumfaoio
329 2445 369 2498 Tu
379 2444 466 2516 poscis
476 2442 539 2499 vilia
549 2456 639 2498 rerum

68 2516 165 2572 »dante
177 2518 272 2584 minor,
285 2519 409 2590 quamvis
420 2518 471 2573 lers
481 2525 504 2572 te
513 2517 615 2572 nullius
627 2526 775 2591 egentem«

70 2592 164 2648 Omnis
174 2591 339 2665 Aristippum
348 2593 436 2648 decuit
447 2592 516 2648 oolor
526 2600 552 2647 et
560 2600 644 2648 status
652 2601 677 2647 et
685 2611 736 2659 res,

69 2674 212 2725 tentantem
222 2668 330 2736 maiora,
341 2667 394 2726 lere
404 2669 587 2744 praesentibus
598 2686 725 2743 aequum.
