<?xml version="1.0" encoding="UTF-8"?>
<!DOCTYPE html PUBLIC "-//W3C//DTD XHTML 1.0 Transitional//EN"
    "http://www.w3.org/TR/xhtml1/DTD/xhtml1-transitional.dtd">
<html xmlns="http://www.w3.org/1999/xhtml" xml:lang="en" lang="en">
 <head>
  <title>
</title>
<meta http-equiv="Content-Type" content="text/html;charset=utf-8" />
  <meta name='ocr-system' content='tesseract 3.04.00' />
  <meta name='ocr-capabilities' content='ocr_page ocr_carea ocr_par ocr_line ocrx_word'/>
</head>
<body>
  <div class='ocr_page' id='page_1' title='image "./qhoratiiflaccio01weisgoog_0109.png"; bbox 0 0 2067 3067; ppageno 0'>
   <div class='ocr_carea' id='block_1_1' title="bbox 495 103 697 160">
    <p class='ocr_par' dir='ltr' id='par_1_1' title="bbox 495 103 697 160">
     <span class='ocr_line' id='line_1_1' title="bbox 495 103 697 160; baseline -0.025 -2"><span class='ocrx_word' id='word_1_1' title='bbox 495 103 697 160; x_wconf 67' lang='lat' dir='ltr'><strong>onmium</strong></span> 
     </span>
    </p>
   </div>
   <div class='ocr_carea' id='block_1_2' title="bbox 424 352 782 519">
    <p class='ocr_par' dir='ltr' id='par_1_2' title="bbox 424 352 782 519">
     <span class='ocr_line' id='line_1_2' title="bbox 424 352 782 417; baseline -0.017 0"><span class='ocrx_word' id='word_1_2' title='bbox 424 358 449 417; x_wconf 91' lang='lat'>0</span> <span class='ocrx_word' id='word_1_3' title='bbox 478 360 509 415; x_wconf 87' lang='grc'><strong>1)</strong></span> <span class='ocrx_word' id='word_1_4' title='bbox 540 358 567 414; x_wconf 88' lang='grc' dir='ltr'>Ε</span> <span class='ocrx_word' id='word_1_5' title='bbox 625 352 782 412; x_wconf 85' lang='grc' dir='ltr'><strong>ΧΧΙΙΙ.</strong></span> 
     </span>
     <span class='ocr_line' id='line_1_3' title="bbox 465 473 731 519; baseline -0.008 -1"><span class='ocrx_word' id='word_1_6' title='bbox 465 475 513 518; x_wconf 80' lang='lat' dir='ltr'><strong>an</strong></span> <span class='ocrx_word' id='word_1_7' title='bbox 536 473 731 519; x_wconf 70' lang='lat' dir='ltr'><strong>omninnn.</strong></span> 
     </span>
    </p>
   </div>
   <div class='ocr_carea' id='block_1_3' title="bbox 226 671 977 795">
    <p class='ocr_par' dir='ltr' id='par_1_3' title="bbox 226 671 977 795">
     <span class='ocr_line' id='line_1_4' title="bbox 226 671 977 728; baseline -0.016 -7"><span class='ocrx_word' id='word_1_8' title='bbox 226 683 351 721; x_wconf 79' lang='lat' dir='ltr'><strong>Deliortotur</strong></span> <span class='ocrx_word' id='word_1_9' title='bbox 360 694 402 720; x_wconf 75' lang='lat' dir='ltr'><strong>eam</strong></span> <span class='ocrx_word' id='word_1_10' title='bbox 407 707 414 726; x_wconf 91' lang='lat'><em>,</em></span> <span class='ocrx_word' id='word_1_11' title='bbox 429 693 454 718; x_wconf 79' lang='lat' dir='ltr'><strong>na</strong></span> <span class='ocrx_word' id='word_1_12' title='bbox 462 691 541 728; x_wconf 73' lang='lat' dir='ltr'><strong>magnas</strong></span> <span class='ocrx_word' id='word_1_13' title='bbox 549 677 625 716; x_wconf 69' lang='lat' dir='ltr'><strong>nonin</strong></span> <span class='ocrx_word' id='word_1_14' title='bbox 638 677 740 714; x_wconf 77' lang='lat' dir='ltr'><strong>immolare</strong></span> <span class='ocrx_word' id='word_1_15' title='bbox 752 673 825 723; x_wconf 74' lang='lat' dir='ltr'><strong>cogitet</strong></span> <span class='ocrx_word' id='word_1_16' title='bbox 829 699 836 718; x_wconf 87' lang='lat'><em>‚</em></span> <span class='ocrx_word' id='word_1_17' title='bbox 850 673 897 724; x_wconf 78' lang='lat' dir='ltr'><strong>quia</strong></span> <span class='ocrx_word' id='word_1_18' title='bbox 906 671 977 710; x_wconf 72' lang='lat' dir='ltr'><strong>tonui·</strong></span> 
     </span>
     <span class='ocr_line' id='line_1_5' title="bbox 239 735 958 795; baseline -0.018 -11"><span class='ocrx_word' id='word_1_19' title='bbox 239 747 298 784; x_wconf 81' lang='lat' dir='ltr'><strong>etiam</strong></span> <span class='ocrx_word' id='word_1_20' title='bbox 308 748 368 791; x_wconf 78' lang='lat' dir='ltr'><strong>dona,</strong></span> <span class='ocrx_word' id='word_1_21' title='bbox 377 745 394 782; x_wconf 81' lang='lat' dir='ltr'><strong>ai</strong></span> <span class='ocrx_word' id='word_1_22' title='bbox 404 757 453 795; x_wconf 76' lang='lat' dir='ltr'><strong>pure</strong></span> <span class='ocrx_word' id='word_1_23' title='bbox 462 749 529 782; x_wconf 79' lang='lat' dir='ltr'><strong>mente</strong></span> <span class='ocrx_word' id='word_1_24' title='bbox 536 741 652 784; x_wconf 70' lang='lat' dir='ltr'><strong>afferantur,</strong></span> <span class='ocrx_word' id='word_1_25' title='bbox 663 741 708 777; x_wconf 75' lang='lat' dir='ltr'><strong>deon</strong></span> <span class='ocrx_word' id='word_1_26' title='bbox 718 739 804 788; x_wconf 77' lang='lat' dir='ltr'><strong>placant·</strong></span> <span class='ocrx_word' id='word_1_27' title='bbox 828 739 889 777; x_wconf 65' lang='lat' dir='ltr'><strong>Meta.</strong></span> <span class='ocrx_word' id='word_1_28' title='bbox 898 735 958 774; x_wconf 75' lang='grc' dir='ltr'><strong>ΧΠ.</strong></span> 
     </span>
    </p>
   </div>
   <div class='ocr_carea' id='block_1_4' title="bbox 266 837 806 1452">
    <p class='ocr_par' dir='ltr' id='par_1_4' title="bbox 266 837 806 1452">
     <span class='ocr_line' id='line_1_6' title="bbox 266 837 709 916; baseline -0.018 -15"><span class='ocrx_word' id='word_1_29' title='bbox 266 837 349 901; x_wconf 85' lang='lat' dir='ltr'><strong>Caelo</strong></span> <span class='ocrx_word' id='word_1_30' title='bbox 359 844 468 916; x_wconf 84' lang='lat' dir='ltr'><strong>supinas</strong></span> <span class='ocrx_word' id='word_1_31' title='bbox 478 847 501 896; x_wconf 86' lang='lat' dir='ltr'><strong>si</strong></span> <span class='ocrx_word' id='word_1_32' title='bbox 511 840 603 898; x_wconf 86' lang='lat' dir='ltr'><strong>tuleris</strong></span> <span class='ocrx_word' id='word_1_33' title='bbox 613 856 709 894; x_wconf 88' lang='lat' dir='ltr'><strong>manus</strong></span> 
     </span>
     <span class='ocr_line' id='line_1_7' title="bbox 267 912 721 988; baseline -0.02 -12"><span class='ocrx_word' id='word_1_34' title='bbox 267 927 388 975; x_wconf 84' lang='lat' dir='ltr'><strong>nasoento</strong></span> <span class='ocrx_word' id='word_1_35' title='bbox 397 921 481 982; x_wconf 86' lang='lat' dir='ltr'><strong>Luna,</strong></span> <span class='ocrx_word' id='word_1_36' title='bbox 494 917 592 971; x_wconf 79' lang='lat' dir='ltr'><strong>rustica</strong></span> <span class='ocrx_word' id='word_1_37' title='bbox 601 912 721 988; x_wconf 81' lang='lat' dir='ltr'>Phidyle,</span> 
     </span>
     <span class='ocr_line' id='line_1_8' title="bbox 304 990 662 1063; baseline -0.014 -15"><span class='ocrx_word' id='word_1_38' title='bbox 304 996 326 1048; x_wconf 87' lang='lat' dir='ltr'><strong>si</strong></span> <span class='ocrx_word' id='word_1_39' title='bbox 337 995 415 1048; x_wconf 80' lang='lat' dir='ltr'><strong>thure</strong></span> <span class='ocrx_word' id='word_1_40' title='bbox 423 992 535 1063; x_wconf 81' lang='lat' dir='ltr'><strong>placaris</strong></span> <span class='ocrx_word' id='word_1_41' title='bbox 544 998 569 1045; x_wconf 88' lang='lat' dir='ltr'><strong>et</strong></span> <span class='ocrx_word' id='word_1_42' title='bbox 578 990 662 1044; x_wconf 84' lang='lat' dir='ltr'><strong>horna</strong></span> 
     </span>
     <span class='ocr_line' id='line_1_9' title="bbox 341 1064 758 1140; baseline -0.019 -18"><span class='ocrx_word' id='word_1_43' title='bbox 341 1068 417 1140; x_wconf 81' lang='lat' dir='ltr'><strong>fruge</strong></span> <span class='ocrx_word' id='word_1_44' title='bbox 427 1069 515 1130; x_wconf 83' lang='lat' dir='ltr'>Lares,</span> <span class='ocrx_word' id='word_1_45' title='bbox 528 1064 659 1136; x_wconf 89' lang='lat' dir='ltr'><strong>avidaque</strong></span> <span class='ocrx_word' id='word_1_46' title='bbox 668 1078 758 1134; x_wconf 75' lang='lat' dir='ltr'><strong>porca3</strong></span> 
     </span>
     <span class='ocr_line' id='line_1_10' title="bbox 269 1145 806 1230; baseline -0.02 -17"><span class='ocrx_word' id='word_1_47' title='bbox 269 1176 316 1212; x_wconf 90' lang='lat' dir='ltr'><strong>neo</strong></span> <span class='ocrx_word' id='word_1_48' title='bbox 325 1158 489 1230; x_wconf 79' lang='lat' dir='ltr'><strong>pestilentem</strong></span> <span class='ocrx_word' id='word_1_49' title='bbox 499 1156 592 1209; x_wconf 83' lang='lat' dir='ltr'><strong>sentiet</strong></span> <span class='ocrx_word' id='word_1_50' title='bbox 601 1152 720 1206; x_wconf 76' lang='lat' dir='ltr'><strong>iliricum</strong></span> <span class='ocrx_word' id='word_1_51' title='bbox 803 1145 806 1151; x_wconf 81' lang='grc'><strong>’</strong></span> 
     </span>
     <span class='ocr_line' id='line_1_11' title="bbox 267 1226 729 1298; baseline -0.022 -11"><span class='ocrx_word' id='word_1_52' title='bbox 267 1233 379 1287; x_wconf 87' lang='lat' dir='ltr'><strong>feonnda</strong></span> <span class='ocrx_word' id='word_1_53' title='bbox 389 1232 460 1295; x_wconf 84' lang='lat' dir='ltr'><strong>vitis,</strong></span> <span class='ocrx_word' id='word_1_54' title='bbox 474 1247 522 1283; x_wconf 89' lang='lat' dir='ltr'><strong>neo</strong></span> <span class='ocrx_word' id='word_1_55' title='bbox 531 1226 645 1282; x_wconf 84' lang='lat' dir='ltr'><strong>sterilem</strong></span> <span class='ocrx_word' id='word_1_56' title='bbox 655 1243 729 1298; x_wconf 77' lang='lat' dir='ltr'><strong>seges</strong></span> 
     </span>
     <span class='ocr_line' id='line_1_12' title="bbox 305 1298 729 1380; baseline -0.021 -19"><span class='ocrx_word' id='word_1_57' title='bbox 305 1308 461 1380; x_wconf 82' lang='lat' dir='ltr'><strong>robiginem,</strong></span> <span class='ocrx_word' id='word_1_58' title='bbox 473 1311 519 1358; x_wconf 90' lang='lat' dir='ltr'><strong>aut</strong></span> <span class='ocrx_word' id='word_1_59' title='bbox 528 1302 617 1357; x_wconf 86' lang='lat' dir='ltr'><strong>duloes</strong></span> <span class='ocrx_word' id='word_1_60' title='bbox 628 1298 729 1355; x_wconf 87' lang='lat' dir='ltr'><strong>alumni</strong></span> 
     </span>
     <span class='ocr_line' id='line_1_13' title="bbox 342 1379 760 1452; baseline -0.022 -17"><span class='ocrx_word' id='word_1_61' title='bbox 342 1379 468 1452; x_wconf 84' lang='lat' dir='ltr'><strong>pomifero</strong></span> <span class='ocrx_word' id='word_1_62' title='bbox 477 1394 558 1450; x_wconf 84' lang='lat' dir='ltr'><strong>gravo</strong></span> <span class='ocrx_word' id='word_1_63' title='bbox 568 1384 671 1447; x_wconf 87' lang='lat' dir='ltr'><strong>tempus</strong></span> <span class='ocrx_word' id='word_1_64' title='bbox 681 1390 760 1428; x_wconf 88' lang='lat' dir='ltr'><strong>anno.</strong></span> 
     </span>
    </p>
   </div>
   <div class='ocr_carea' id='block_1_5' title="bbox 269 1463 741 1760">
    <p class='ocr_par' dir='ltr' id='par_1_5' title="bbox 269 1463 741 1760">
     <span class='ocr_line' id='line_1_14' title="bbox 269 1463 739 1543; baseline -0.019 -16"><span class='ocrx_word' id='word_1_65' title='bbox 269 1475 337 1527; x_wconf 88' lang='lat' dir='ltr'><strong>Nam</strong></span> <span class='ocrx_word' id='word_1_66' title='bbox 347 1489 415 1543; x_wconf 85' lang='lat' dir='ltr'><strong>quae</strong></span> <span class='ocrx_word' id='word_1_67' title='bbox 425 1468 507 1525; x_wconf 88' lang='lat' dir='ltr'><strong>nivali</strong></span> <span class='ocrx_word' id='word_1_68' title='bbox 516 1468 633 1540; x_wconf 87' lang='lat' dir='ltr'><strong>pasoitur</strong></span> <span class='ocrx_word' id='word_1_69' title='bbox 642 1463 739 1538; x_wconf 81' lang='lat' dir='ltr'><strong>Algido</strong></span> 
     </span>
     <span class='ocr_line' id='line_1_15' title="bbox 269 1541 700 1618; baseline -0.019 -17"><span class='ocrx_word' id='word_1_70' title='bbox 269 1547 369 1611; x_wconf 85' lang='lat' dir='ltr'><strong>devota,</strong></span> <span class='ocrx_word' id='word_1_71' title='bbox 382 1562 494 1618; x_wconf 83' lang='lat' dir='ltr'><strong>quercus</strong></span> <span class='ocrx_word' id='word_1_72' title='bbox 504 1544 572 1598; x_wconf 87' lang='lat' dir='ltr'><strong>inter</strong></span> <span class='ocrx_word' id='word_1_73' title='bbox 584 1549 610 1596; x_wconf 84' lang='lat' dir='ltr'><strong>et</strong></span> <span class='ocrx_word' id='word_1_74' title='bbox 618 1541 700 1605; x_wconf 86' lang='lat' dir='ltr'><strong>ilioes,</strong></span> 
     </span>
     <span class='ocr_line' id='line_1_16' title="bbox 307 1614 721 1678; baseline -0.022 -2"><span class='ocrx_word' id='word_1_75' title='bbox 307 1629 352 1676; x_wconf 91' lang='lat' dir='ltr'><strong>aut</strong></span> <span class='ocrx_word' id='word_1_76' title='bbox 361 1620 453 1674; x_wconf 66' lang='lat' dir='ltr'><strong>creant</strong></span> <span class='ocrx_word' id='word_1_77' title='bbox 461 1618 573 1674; x_wconf 74' lang='lat' dir='ltr'><strong>Albanis</strong></span> <span class='ocrx_word' id='word_1_78' title='bbox 582 1618 611 1671; x_wconf 92' lang='lat' dir='ltr'><strong>in</strong></span> <span class='ocrx_word' id='word_1_79' title='bbox 622 1614 721 1678; x_wconf 81' lang='lat' dir='ltr'><strong>herbis,</strong></span> 
     </span>
     <span class='ocr_line' id='line_1_17' title="bbox 344 1692 741 1760; baseline -0.023 -10"><span class='ocrx_word' id='word_1_80' title='bbox 344 1696 460 1760; x_wconf 79' lang='lat' dir='ltr'><strong>victima,</strong></span> <span class='ocrx_word' id='word_1_81' title='bbox 471 1692 628 1748; x_wconf 86' lang='lat' dir='ltr'><strong>Pontificum</strong></span> <span class='ocrx_word' id='word_1_82' title='bbox 637 1704 741 1744; x_wconf 84' lang='lat' dir='ltr'><strong>secures</strong></span> 
     </span>
    </p>
   </div>
   <div class='ocr_carea' id='block_1_6' title="bbox 270 1770 783 2080">
    <p class='ocr_par' dir='ltr' id='par_1_6' title="bbox 270 1770 783 2008">
     <span class='ocr_line' id='line_1_18' title="bbox 270 1770 773 1859; baseline -0.02 -17"><span class='ocrx_word' id='word_1_83' title='bbox 270 1788 470 1859; x_wconf 84' lang='lat' dir='ltr'><strong>oervicetinget.</strong></span> <span class='ocrx_word' id='word_1_84' title='bbox 509 1785 545 1839; x_wconf 89' lang='lat' dir='ltr'><strong>Te</strong></span> <span class='ocrx_word' id='word_1_85' title='bbox 555 1781 622 1838; x_wconf 91' lang='lat' dir='ltr'><strong>nihil</strong></span> <span class='ocrx_word' id='word_1_86' title='bbox 632 1781 722 1837; x_wconf 85' lang='lat' dir='ltr'><strong>attinet</strong></span> <span class='ocrx_word' id='word_1_87' title='bbox 768 1770 773 1780; x_wconf 71' lang='grc'><strong>’</strong></span> 
     </span>
     <span class='ocr_line' id='line_1_19' title="bbox 270 1857 783 1917; baseline -0.021 0"><span class='ocrx_word' id='word_1_88' title='bbox 270 1871 367 1917; x_wconf 84' lang='lat' dir='ltr'><strong>tentare</strong></span> <span class='ocrx_word' id='word_1_89' title='bbox 377 1861 460 1916; x_wconf 87' lang='lat' dir='ltr'><strong>multa</strong></span> <span class='ocrx_word' id='word_1_90' title='bbox 468 1859 547 1914; x_wconf 85' lang='lat' dir='ltr'><strong>caede</strong></span> <span class='ocrx_word' id='word_1_91' title='bbox 555 1857 703 1912; x_wconf 88' lang='lat' dir='ltr'><strong>bidentium</strong></span> <span class='ocrx_word' id='word_1_92' title='bbox 779 1858 783 1862; x_wconf 84' lang='grc'><strong>“</strong></span> 
     </span>
     <span class='ocr_line' id='line_1_20' title="bbox 307 1931 692 2008; baseline -0.029 -15"><span class='ocrx_word' id='word_1_93' title='bbox 307 1954 403 2008; x_wconf 83' lang='lat' dir='ltr'><strong>parvos</strong></span> <span class='ocrx_word' id='word_1_94' title='bbox 413 1943 578 1989; x_wconf 82' lang='lat' dir='ltr'><strong>coronantem</strong></span> <span class='ocrx_word' id='word_1_95' title='bbox 589 1931 692 1984; x_wconf 87' lang='lat' dir='ltr'><strong>marino</strong></span> 
     </span>
    </p>

    <p class='ocr_par' dir='ltr' id='par_1_7' title="bbox 345 2006 731 2080">
     <span class='ocr_line' id='line_1_21' title="bbox 345 2006 731 2080; baseline -0.021 -17"><span class='ocrx_word' id='word_1_96' title='bbox 345 2027 402 2065; x_wconf 84' lang='lat' dir='ltr'><strong>rore</strong></span> <span class='ocrx_word' id='word_1_97' title='bbox 412 2006 625 2080; x_wconf 80' lang='lat' dir='ltr'><strong>deos-fragilique</strong></span> <span class='ocrx_word' id='word_1_98' title='bbox 635 2009 731 2076; x_wconf 85' lang='lat' dir='ltr'><strong>myrto.</strong></span> 
     </span>
    </p>
   </div>
   <div class='ocr_carea' id='block_1_7' title="bbox 180 2095 728 2390">
    <p class='ocr_par' dir='ltr' id='par_1_8' title="bbox 180 2095 728 2390">
     <span class='ocr_line' id='line_1_22' title="bbox 271 2095 728 2166; baseline -0.02 -12"><span class='ocrx_word' id='word_1_99' title='bbox 271 2100 403 2154; x_wconf 85' lang='lat' dir='ltr'><strong>Immonis</strong></span> <span class='ocrx_word' id='word_1_100' title='bbox 413 2115 484 2151; x_wconf 84' lang='lat' dir='ltr'><strong>aram</strong></span> <span class='ocrx_word' id='word_1_101' title='bbox 495 2097 519 2148; x_wconf 87' lang='lat' dir='ltr'><strong>si</strong></span> <span class='ocrx_word' id='word_1_102' title='bbox 531 2095 613 2166; x_wconf 83' lang='lat' dir='ltr'><strong>tetigit</strong></span> <span class='ocrx_word' id='word_1_103' title='bbox 623 2108 728 2155; x_wconf 83' lang='lat' dir='ltr'><strong>manus,</strong></span> 
     </span>
     <span class='ocr_line' id='line_1_23' title="bbox 272 2166 696 2229; baseline -0.024 0"><span class='ocrx_word' id='word_1_104' title='bbox 272 2191 325 2229; x_wconf 91' lang='lat' dir='ltr'><strong>non</strong></span> <span class='ocrx_word' id='word_1_105' title='bbox 335 2179 469 2226; x_wconf 88' lang='lat' dir='ltr'><strong>sumtuosa</strong></span> <span class='ocrx_word' id='word_1_106' title='bbox 481 2168 602 2223; x_wconf 85' lang='lat' dir='ltr'><strong>blandior</strong></span> <span class='ocrx_word' id='word_1_107' title='bbox 612 2166 696 2221; x_wconf 89' lang='lat' dir='ltr'><strong>hostia</strong></span> 
     </span>
     <span class='ocr_line' id='line_1_24' title="bbox 309 2243 654 2301; baseline -0.023 0"><span class='ocrx_word' id='word_1_108' title='bbox 309 2245 422 2301; x_wconf 87' lang='lat' dir='ltr'><strong>mollivit</strong></span> <span class='ocrx_word' id='word_1_109' title='bbox 432 2261 536 2299; x_wconf 85' lang='lat' dir='ltr'><strong>aversos</strong></span> <span class='ocrx_word' id='word_1_110' title='bbox 546 2243 654 2296; x_wconf 76' lang='lat' dir='ltr'><strong>Penates</strong></span> 
     </span>
     <span class='ocr_line' id='line_1_25' title="bbox 180 2313 710 2390; baseline -0.021 -12"><span class='ocrx_word' id='word_1_111' title='bbox 180 2336 206 2378; x_wconf 77' lang='lat'><strong>20</strong></span> <span class='ocrx_word' id='word_1_112' title='bbox 347 2319 415 2375; x_wconf 84' lang='lat' dir='ltr'><strong>farre</strong></span> <span class='ocrx_word' id='word_1_113' title='bbox 424 2318 469 2390; x_wconf 91' lang='lat' dir='ltr'><strong>pio</strong></span> <span class='ocrx_word' id='word_1_114' title='bbox 478 2325 503 2371; x_wconf 86' lang='lat' dir='ltr'><strong>et</strong></span> <span class='ocrx_word' id='word_1_115' title='bbox 512 2315 621 2370; x_wconf 78' lang='lat' dir='ltr'><strong>saliente</strong></span> <span class='ocrx_word' id='word_1_116' title='bbox 632 2313 710 2368; x_wconf 82' lang='lat' dir='ltr'><strong>mioa.</strong></span> 
     </span>
    </p>
   </div>
   <div class='ocr_carea' id='block_1_8' title="bbox 506 2494 707 2512">
    <p class='ocr_par' dir='ltr' id='par_1_9' title="bbox 506 2494 707 2512">
     <span class='ocr_line' id='line_1_26' title="bbox 506 2494 707 2512; baseline -0.025 0"><span class='ocrx_word' id='word_1_117' title='bbox 506 2494 707 2512; x_wconf 58' lang='grc' dir='ltr'><strong><em>Μ</em></strong></span> 
     </span>
    </p>
   </div>
   <div class='ocr_carea' id='block_1_9' title="bbox 0 0 1044 3067">
    <p class='ocr_par' dir='ltr' id='par_1_10' title="bbox 0 0 1044 3067">
     <span class='ocr_line' id='line_1_27' title="bbox 0 0 1044 3067; baseline 0 0"><span class='ocrx_word' id='word_1_118' title='bbox 0 0 1044 3067; x_wconf 95' lang='lat' dir='ltr'><strong> </strong></span> 
     </span>
    </p>
   </div>
  </div>
 </body>
</html>
