2067 3067
320 155 468 203 LIBER
505 156 543 202 tt.

92 255 215 316 Diversae,
228 254 314 324 prisco
326 262 402 307 natus
412 255 445 308 ab
456 255 560 319 Inacho,

91 330 131 385 nil
143 332 257 391 interest,
270 347 302 381 an
313 346 412 398 pauper
422 339 446 382 et
457 331 550 383 intima

131 404 250 474 degente
260 402 383 457 subdivo
396 404 504 458 moreris

170 479 277 532 victima
289 476 325 533 nil
337 480 486 533 miserantis
496 476 568 533 Orci.

92 570 194 625 Omnes
204 569 296 622 eodem
306 571 438 641 cogimur:
459 572 581 625 omnium

92 654 214 699 versatur
225 662 290 697 urna
301 646 350 697 seri
355 663 385 697 us
394 645 468 697 ocius

130 737 188 773 sors
199 719 301 773 exitura
312 729 337 773 et
347 737 394 773 aas
405 722 431 775 in
445 727 580 775 aeternum

169 793 295 847 exsilium
305 796 458 866 impositura
469 796 589 867 cymbae.

300 1077 324 1131 0
355 1076 385 1131 D
414 1076 440 1131 E
499 1077 563 1133 IV.

200 1192 246 1236 an
268 1192 470 1237 xanrnnin
493 1195 669 1239 annonara.

352 1310 516 1321 --.---.

89 1401 196 1439 Xanthia·
206 1412 290 1437 amorem
300 1400 400 1449 Phyllidis
410 1399 494 1437 ancillae
506 1402 571 1438 laudat
581 1408 600 1438 et
610 1400 688 1450 prohat,
700 1402 760 1440 simul
770 1402 806 1440 in-

55 1480 129 1509 anons,
136 1466 192 1502 illam
203 1478 240 1501 non
251 1463 315 1500 videri
327 1462 398 1499 limnili
409 1464 452 1499 loco
462 1470 536 1506 natam,
544 1470 625 1513 propter
634 1464 721 1513 egregias
730 1471 750 1502 et
758 1464 805 1501 mi-

55 1530 82 1566 mi
93 1536 112 1566 et
124 1527 215 1576 corporis
225 1529 286 1564 dotes.
311 1528 372 1565 Merr.
382 1526 452 1564 XVII.

92 1616 140 1683 Ne
150 1632 185 1679 sit
195 1625 304 1681 ancillae
316 1626 363 1679 tibi
374 1644 447 1679 amor
459 1626 563 1698 pudori,

93 1701 212 1756 Xanthia
225 1702 339 1754 Phooeul
362 1702 438 1754 Prius
450 1702 604 1757 insolentem

94 1795 170 1831 serva
181 1777 276 1829 Briseis
287 1777 364 1829 niveo
376 1776 460 1832 oolore

172 1851 404 1908 niovitilchillern.

94 1943 178 1996 Movit
188 1944 291 1995 dianam
303 1943 442 1997 Telamone
455 1951 546 1997 natum

94 2017 178 2071 fornia
189 2019 306 2087 captivae
318 2018 457 2073 dominam
467 2020 631 2071 Tecmessae:

95 2094 160 2145 arsit
170 2092 273 2145 Atrides
284 2092 370 2147 modio
380 2094 408 2146 in
420 2094 554 2164 triumpho

173 2167 276 2238 virgine
286 2176 368 2237 rapta,

94 2258 222 2311 barbarae
232 2267 372 2329 postquam
382 2259 496 2313 cecidere
509 2266 610 2312 turmas

96 2331 222 2385 Thessalo
233 2334 339 2396 viatore,
350 2342 375 2387 et
387 2334 506 2388 ademtus
518 2335 608 2386 llector

96 2406 203 2460 tradidit
213 2406 288 2460 sessis
299 2407 395 2463 leviora
405 2408 463 2465 tolli

173 2483 298 2555 Pergama
309 2484 406 2537 Graiis.

95 2574 212 2635 Nescias,
226 2593 258 2627 an
270 2582 294 2627 te
304 2592 431 2645 generum
441 2576 510 2629 beati

96 2648 229 2721 Phyllidis
239 2648 321 2703 flavae
331 2649 451 2703 deoorent
461 2656 593 2719 parentes:
