2067 3067
294 134 363 177 mn.
381 132 416 175 Π.
446 132 529 178 sau.
548 132 582 177 11.
758 128 804 182 tot

4 242 6 287 L
65 233 166 297 Dicam,
178 232 202 285 si
213 240 311 303 potero.
350 231 417 287 Male
426 247 520 286 verum
529 230 662 285 examinat
673 233 759 287 omnis

4 296 6 337 ἶ
66 314 205 377 corruptus
215 306 305 361 iudex.
331 307 457 377 Leporem
466 312 586 368 sectatus,
600 321 701 375 equove

4 426 6 451 ,
66 380 342 445 lassusabindomite,
354 380 405 445 vel,
420 380 443 433 si
453 380 571 433 Romana
579 378 669 450 fatigat
836 389 862 431 10

4 474 5 515 ,
66 455 162 509 militia
173 454 311 509 adsuetum
320 455 444 527 graecari,
457 470 504 507 seu
512 452 566 523 pila
576 452 662 516 velox,

4 526 6 567 Ὺ
65 528 181 583 molliter
194 536 328 583 austerum
337 528 424 582 studio
434 527 539 581 fallente
547 525 671 591 laborem,

65 620 114 657 seu
125 611 149 657 te
158 602 247 657 discus
256 604 318 675 agit,
329 601 395 673 (pete
405 601 538 655 dedentem
549 603 607 655 aera
616 600 688 653 diseo
695 599 718 671 ε)

65 693 153 748 quum
165 676 239 731 labor
246 676 376 731 extuderit
384 675 496 739 fastidia,
506 675 601 739 simus,
612 675 699 728 inanis

66 768 161 821 sperne
171 751 260 805 cibum
273 750 366 816 vilem;
383 751 435 804 nisi
444 750 576 823 Hymettia
584 748 662 803 melia
670 746 781 802 Falerno
836 758 863 800 15

66 842 101 879 ne
110 824 210 879 biberis
219 824 311 879 diluta.
350 824 426 889 Foris
435 832 475 879 eat
483 840 602 895 promus,
613 830 638 876 et
647 829 733 877 atrurn

67 896 209 956 defendens
217 893 409 970 pisoes'hiemat
418 914 502 952 mare:
521 914 585 951 eum
597 895 736 967 saiepanis

4 980 5 1045 ᾗ
66 972 204 1027 latrantem
213 973 378 1027 stomachum
386 972 454 1027 bene
463 972 551 1025 leniet.
591 970 664 1024 Unde
672 976 749 1040 putas
759 975 804 1023 aut

67 1050 116 1119 qui
126 1046 247 1117 partum?
274 1049 332 1103 Non
345 1048 374 1102 in
382 1063 441 1101 earo
450 1046 542 1100 nidore
551 1044 671 1115 voluptas

4 1182 8 1193 .
67 1119 435 1193 summa,sedinteipso'est.
474 1121 515 1175 Tu
524 1117 698 1191 pulmentaria
708 1134 804 1189 quaere
836 1126 861 1168 20

4 1226 6 1269 J
68 1194 200 1250 sudando:
221 1192 347 1268 pinguem
360 1195 431 1251 vitiis
441 1194 586 1265 albumque
595 1210 681 1264 neque
690 1200 772 1246 ostrea

4 1272 6 1285 ³
68 1287 117 1323 nee
126 1287 214 1323 scarus
225 1278 269 1325 aut
278 1270 371 1341 poterit
378 1270 516 1343 peregrina
530 1269 620 1323 iuvare
629 1266 720 1339 lagois.

67 1344 122 1399 Vix
130 1351 215 1398 tamen
225 1345 343 1417 eripiam,
356 1346 440 1417 posite
449 1360 559 1416 pavone,
574 1343 640 1399 velis
649 1342 714 1413 quin

67 1418 119 1472 hoe
127 1419 223 1489 potius,
235 1436 317 1491 quern
330 1418 437 1491 gallina,
450 1426 548 1491 tergere
557 1417 684 1488 palatum,
795 1415 799 1421 '

68 1500 205 1563 corruptus
215 1494 291 1547 vanis
300 1510 397 1557 rerum,
412 1494 475 1564 quia
485 1499 578 1546 veneat
587 1508 650 1545 auro
837 1494 876 1536 25·

69 1584 126 1621 rara
135 1568 192 1621 avis
202 1573 227 1619 et
235 1568 303 1635 pieta
312 1565 409 1635 pandat
417 1564 562 1636 spectacula
571 1564 667 1634 cauda:

68 1648 203 1711 tamquam
217 1639 251 1693 ad
259 1656 315 1693 rem
325 1640 430 1693 attineat
438 1639 596 1709 quidquam..
635 1639 707 1691 Num
716 1653 802 1691 veeee-

558 1712 596 1764 ris
605 1712 663 1775 iste,

69 1802 151 1857 quam
164 1783 379 1855 laudas,pluma‘?
392 1791 463 1837 noeto
472 1801 538 1846 num
548 1784 620 1837 adeat
629 1784 713 1838 honor
722 1785 810 1839 idem‘?

71 1859 154 1914 Carne
163 1866 247 1913 tamen
259 1860 383 1929 quamvis
393 1858 471 1911 distat
481 1857 549 1911 nihil
559 1858 608 1911 hae
616 1858 703 1929 magis
715 1858 769 1925 illa,

68 1932 215 2003 imparibus
225 1931 315 1987 formis
325 1931 698 2005 deeeptumtepatet.xEst0:
837 1945 862 1986 3⁰

68 2007 139 2061 unde
149 2006 240 2061 datum
249 2008 339 2074 sentis,
354 2007 434 2079 lupus
446 2007 490 2061 hie
499 2006 640 2074 Tiberinus
648 2024 682 2061 an
692 2005 744 2062 alte

69 2088 159 2153 eaptus
168 2081 230 2145 hiet,
242 2090 367 2152 pontesne
377 2083 444 2138 inter
454 2082 564 2137 iactatus
573 2100 607 2136 an
620 2081 706 2135 amnis

4 2200 6 2211 ,
69 2158 133 2210 ostia
143 2157 194 2211 sub
204 2155 300 2211 Tusci?
318 2157 431 2222 Laudas,
443 2157 544 2222 insane,
555 2156 683 2211 trilibrem

6 2237 11 2278 ·'
69 2230 192 2297 mullum,
205 2230 349 2303 insingula
358 2248 438 2303 quem
447 2232 553 2287 minuas
562 2230 697 2302 pulmenta
706 2247 810 2286 nemeae

558 2312 607 2359 eat.

6 2408 9 2415 ·
69 2378 297 2449 Ducittespeeies,
304 2378 398 2455 yideo:
419 2396 473 2453 quo
481 2380 592 2449 pertinet
604 2396 674 2451 ergo,
837 2388 861 2432 et

70 2453 283 2522 procerosodisse
293 2452 387 2524 lupos?
404 2452 472 2519 Quia
482 2452 579 2507 scilieet
589 2451 643 2505 iliis

71 2526 194 2580 maiorem
204 2536 296 2583 natura
306 2528 415 2582 modum
425 2526 504 2591 dedit,
516 2527 560 2581 his
568 2527 648 2583 breve
656 2526 771 2598 pondus,

71 2600 177 2657 ieiunus
186 2618 244 2657 raro
254 2602 402 2659 stomachus
413 2601 533 2677 vulgaria
542 2600 643 2657 temnit.
