2067 3067
288 190 359 238 ΗΒ.
378 189 401 238 1.
431 190 554 239 EPIST.
584 190 641 240 vu.
786 186 832 242 251

11 281 12 294 ἱ
90 290 124 344 Ut
138 295 247 345 ventum
263 289 296 346 ad
311 307 418 347 coenam
432 298 479 357 est,
495 290 606 346 dicenda
620 290 727 347 tacenda
740 290 837 365 loquu-

582 372 634 430 tus,
846 379 850 384 ’

11 503 19 514 .
90 438 197 493 tandem
207 437 351 493 dormitum
363 439 512 495 dimittitur.
553 440 609 504 Hic,
620 440 668 493 ubi
677 456 753 511 saepe

8 521 10 530 ’
90 512 222 568 occultum
233 514 307 568 visus
317 511 454 568 decurrere
462 513 544 586 piscis
556 513 590 569 ad
598 514 719 580 hamum,

90 605 169 643 mane
177 587 258 642 eliens
271 596 296 642 et
306 588 359 642 iam
368 596 454 644 certus
464 588 586 654 conviva,
598 589 704 643 iubetur
863 601 889 643 75

90 681 152 718 rura
162 663 315 717 suburbana
323 662 428 717 indietis
438 664 692 719 comesireLatinis.

89 737 231 810 Impositus
241 738 355 804 mannis,
368 757 463 794 arvum
474 738 630 812 coelumque
639 738 768 793 Sabinum

90 811 359 868 noncessatlaudare.
398 813 475 870 Videt
484 814 604 887 ridetque
612 813 764 884 Phiiippus:

90 895 115 942 et
123 887 175 942 sibi
185 887 250 942 dum
259 888 387 961 requiem,
400 889 466 944 dum
475 891 546 944 risus
556 888 676 961 undique
684 889 794 960 quaerit,

89 961 155 1017 dum
163 969 263 1034 septem
272 963 352 1018 donat
361 964 485 1029 sestertia,
497 972 589 1025 mutua
599 969 699 1035 septem
861 973 887 1016 tt

88 1038 223 1110 promittit,
233 1038 381 1111 persuadet,
394 1039 433 1093 uti
443 1046 571 1093 mercetur
584 1038 710 1112 agellum.

89 1113 226 1168 Mereatur.
265 1113 688 1187 Netelcngisamhagibusultra,

89 1204 170 1258 quam
180 1188 242 1243 satis
252 1196 299 1253 est,
312 1205 410 1244 morer:
431 1207 464 1244 ex
473 1189 558 1244 nitido
567 1189 597 1244 fit
606 1189 729 1254 rusticus,
742 1195 821 1260 atque

89 1261 175 1318 sulcos
185 1269 210 1317 et
219 1264 306 1318 vineta
316 1271 403 1336 erepat
411 1280 492 1331 mera,
503 1272 640 1337 praeparat
648 1262 745 1328 ulmos,

89 1337 238 1394 immoritur
246 1338 342 1393 studiis
352 1349 377 1394 et
385 1357 473 1394 amore
482 1341 593 1394 senescit
602 1339 728 1394 habendi.
861 1347 887 1389 85

88 1413 185 1469 Verum
196 1413 243 1467 ubi
252 1430 315 1469 oves
324 1413 401 1480 furto,
413 1415 506 1470 morbo
514 1416 614 1487 periere
623 1414 745 1487 capellae,

1 1537 2 1552 ,
87 1504 162 1559 spem
172 1488 279 1542 mentita
289 1505 372 1560 seges,
383 1489 431 1543 bes
441 1496 479 1542 est
486 1497 592 1544 enectus
604 1490 716 1544 arando:

87 1561 202 1616 offensus
211 1561 325 1626 damnis,
336 1561 422 1616 media
431 1563 464 1616 de
473 1570 547 1617 nocte
557 1563 689 1617 caballum

89 1635 189 1706 arripit,
202 1634 338 1706 iratusque
347 1634 464 1706 Philippi
473 1637 556 1690 tendit
565 1636 599 1690 ad
608 1637 694 1690 aedes.

87 1709 172 1775 Quem
182 1707 262 1763 simui
274 1709 394 1780 adspexit
403 1709 527 1763 scabrum
535 1709 724 1782 intonsumque
730 1708 832 1780 Phiiip-

87 1860 223 1924 »Darasa
233 1857 278 1924 ait,
290 1856 404 1923 »Vultei
417 1857 498 1912 nimis
508 1800 674 1929 atentiaqsffuc
683 1857 781 1912 videris
859 1793 885 1836 ⁹⁰

86 1951 161 1989 resse
173 1933 269 1989 mihi«
307 1939 324 1988 1
334 1931 406 1996 recl,
423 1949 465 1986 me
479 1931 615 1996 miserum,
626 1938 741 2004 patrone,
753 1948 831 1989 voca-

490 2019 492 2024 ·
579 2023 630 2071 res,

86 2081 226 2149 aurelios,
244 2082 340 2155 inquit,
353 2098 446 2138 verum
455 2079 524 2152 mihi
534 2074 630 2154 pener'e
639 2096 745 2136 nomen.

86 2158 181 2225 »Quod
190 2166 215 2213 te
223 2176 270 2230 per
279 2155 389 2232 genium
401 2156 574 2230 dextramque
582 2157 697 2229 deosque
707 2157 814 2210 Penates

86 2234 212 2288 »obsecro
224 2240 248 2288 et
256 2233 377 2298 obtestor,
388 2233 457 2288 vitae
467 2250 509 2288 me
518 2232 598 2288 redde
606 2233 688 2304 priori
697 2233 702 2285 1
710 2253 723 2285 c
732 2261 771 2272 -
859 2240 885 2284 95

1 2305 3 2396 i
86 2306 138 2373 Qui
147 2307 227 2363 semel
238 2307 365 2379 adspexit,
378 2315 508 2381 quantum
521 2308 629 2362 dimissa
640 2307 728 2379 petitis

85 2390 227 2454 praestent:
248 2390 367 2439 »mature
376 2384 462 2440 redeat
471 2390 620 2455 repetatque
629 2382 747 2436 relictae

85 2456 352 2531 Metirisequemque
361 2476 410 2514 suo
419 2457 527 2514 modulo
535 2474 565 2512 ac
573 2457 640 2528 pede
649 2474 742 2513 verum
752 2464 801 2511 est.
