2067 3067
259 119 263 131 '
288 135 360 183 Lm.
380 134 402 181 1.
431 132 553 182 neren.
572 135 666 184 xum.
803 130 854 186 269

105 234 147 293 vel
157 252 239 291 eursu
248 253 372 308 superare
380 253 473 290 canem
484 235 526 290 vel
537 236 641 291 viribus
647 255 743 309 aprum

11 335 12 344 ¹
105 312 201 387 possis.
240 311 324 376 Adde,
337 310 425 367 virilia
435 310 508 382 quod
517 311 662 382 speciosius
671 329 745 368 arma

106 405 159 443 non
171 393 211 441 est
221 386 270 459 qui
279 393 378 442 tractet.
418 385 484 451 Seis,
496 403 551 458 quo
559 385 672 441 elamore
680 404 791 444 eoronae

105 462 204 536 proelia
214 462 345 518 sustineas
355 462 526 533 campestria3
547 460 663 532 denique
672 481 777 518 saevam

106 537 229 593 militiam
238 554 306 609 puer
317 544 343 592 et
351 537 506 592 Cantabrica
515 536 586 590 bella
595 536 680 592 tulisti

106 613 243 690 subduco,
255 613 304 685 qui
315 611 420 684 templis
430 611 588 667 Parthorum
598 612 676 685 signa
685 614 773 688 refigit

107 705 186 755 nuno,
198 696 233 753 et,
245 689 270 743 si
279 688 347 761 quid
356 687 438 752 abest,
450 685 524 742 ltalis
536 687 670 743 adiudicat
678 690 770 744 armis.

8 807 9 856 p
105 763 152 829 rio,
165 764 358 819 neteretrahas
368 770 393 818 et
402 762 593 818 inexcusabilis
602 763 684 830 absis,

107 840 231 911 quamvis
241 838 280 897 nil
290 847 362 894 extra
373 855 516 894 numerum
526 836 619 892 feoisee
627 838 793 913 modumque

106 930 193 978 ouras,
203 914 339 970 interdum
348 914 458 988 nugaris
468 930 531 970 rure
538 921 658 985 paterno.

106 989 221 1043 Partitur
230 989 322 1044 lintres
330 989 474 1057 exereitus;
494 988 670 1062 Aetiapugna

107 1071 133 1118 te
142 1063 209 1118 duoe
218 1081 265 1135 per
273 1081 370 1135 pueros
379 1063 468 1120 hostili
478 1081 552 1120 more
560 1064 684 1132 refertum

107 1138 275 1194 adversarius
284 1138 423 1204 minator,
442 1138 516 1195 laous
526 1138 637 1204 Hadria,
648 1138 732 1194 donee

107 1214 264 1270 alterutrum
273 1215 349 1272 velox
360 1215 467 1272 victoria
480 1212 574 1270 fronde
581 1221 694 1270 eoronet.

107 1289 261 1346 Consentire
270 1290 327 1346 suis
337 1290 435 1346 studiis
446 1288 496 1363 qui
507 1289 648 1345 crediderit
659 1297 693 1354 te,

107 1364 192 1421 fautor
203 1373 315 1438 utroque
323 1373 401 1422 tuum
411 1365 531 1424 laudabit
538 1365 634 1436 pollion
645 1363 752 1420 ludum.

106 1441 230 1496 Protinus
239 1449 270 1496 ut
278 1459 410 1508 moneam,
424 1441 526 1514 siquid
537 1439 676 1496 monitoris
689 1457 751 1512 eges
762 1446 800 1505 tu,

107 1515 174 1585 quid
184 1515 217 1569 de
227 1531 335 1586 quoque
344 1517 402 1570 viro
412 1523 437 1569 et
446 1517 490 1570 oui
500 1515 583 1580 dicas,
595 1532 673 1585 saepe
682 1514 779 1569 videto.

108 1587 422 1661 Peroontutoremlugito:
444 1607 507 1643 nam
519 1589 645 1661 garrulus
655 1589 727 1642 idem
735 1595 784 1654 est,

108 1679 157 1718 neo
166 1662 278 1718 retinent
287 1662 391 1733 patulae
403 1663 545 1718 oommissa
554 1663 666 1728 fideliler
675 1681 762 1729 aures,
887 1677 914 1719 7⁰

107 1745 134 1791 et
144 1735 227 1791 semel
237 1737 366 1792 emissum
376 1736 446 1792 volat
458 1738 627 1794 irrevocabile
637 1739 761 1794 verbum.

108 1813 167 1868 Non
178 1810 273 1867 aneilla
283 1819 361 1866 tuum
371 1812 445 1866 ieeur
454 1811 553 1866 uleeret
562 1812 617 1866 ulla
625 1829 726 1882 puerve

5 1931 6 1946 2
108 1887 178 1942 inira
187 1903 366 1942 marmoreum
377 1886 521 1941 venerandi
531 1886 613 1941 limen
626 1888 718 1942 amici:

5 1969 7 2026 ζ
108 1978 144 2017 ne
153 1962 279 2018 dominus
288 1962 365 2032 pueri
375 1960 481 2033 pulchri
491 1960 713 2034 oaraevepuellae

5 2037 7 2076 ῑ
108 2036 762 2110 munereteparvobeetautinoommodusangat.
888 2049 914 2093 75

109 2111 221 2179 Qualem
230 2111 408 2178 oommendes‚
427 2113 506 2168 etiam
520 2120 600 2185 atque
608 2112 687 2167 etiam
699 2112 813 2183 adspioe,
825 2129 859 2167 ne

160 2225 164 2232 -
606 2205 670 2242 mox

112 2261 242 2318 incutiant
255 2259 339 2316 aliena
349 2261 398 2317 tibi
407 2269 510 2334 peooeta
520 2262 660 2334 pudorem.

110 2336 251 2401 Fallimur,
262 2337 433 2409 elquondam
442 2354 496 2393 nnn
510 2337 624 2409 dignum
634 2336 777 2392 tradimus:
798 2353 861 2409 ergo

110 2428 192 2486 quern
203 2429 252 2466 sua
261 2410 338 2484 eulpa
348 2420 457 2484 premet,
469 2411 593 2483 deeeptus
603 2412 693 2467 omitte
703 2412 783 2481 tueri;

110 2496 142 2544 ut
150 2487 257 2558 penitus
267 2495 368 2554 nolum,
381 2489 405 2542 si
415 2495 514 2544 tentent
523 2487 644 2554 erimina,
656 2505 746 2543 serves
889 2496 916 2540 80

109 2563 603 2636 tuterisquetuofidentempreesidio:
624 2563 673 2634 qui

111 2639 190 2696 dente
200 2639 337 2702 Theonino
346 2657 433 2714 quum
445 2637 658 2706 circumroditur‚
669 2637 766 2714 eoquid
