2067 3067
319 137 466 183 LIBER
502 138 525 182 Ι.

85 238 137 291 Nos
147 236 280 298 convivia,
292 254 340 291 nos
350 235 447 307 proelia
460 238 606 309 virginum,
617 274 622 283 ·

87 314 161 365 sectis
172 313 199 365 in
211 313 320 363 iuvenes
331 312 468 383 unguibus
481 314 591 378 acrium,

87 395 223 441 cantamus
234 386 319 448 vacui,
332 386 388 439 sive
397 386 463 457 quid
474 389 588 455 urimur,

123 478 175 514 non
186 468 287 532 praeter
296 460 402 515 solitum
414 460 492 517 leves.

279 747 304 800 0
335 747 363 801 D
394 746 420 804 E
479 746 567 803 vll.

175 880 222 936 an
247 878 452 923 nuunrrun
476 879 664 922 rusucun,

345 1019 508 1027 -.--.—--.-

83 1124 130 1158 Prae
140 1122 185 1158 aliis
195 1121 286 1157 omnibus
297 1120 378 1156 urbibus
387 1120 452 1157 Tibur
462 1134 502 1158 esse
513 1122 632 1157 laudandum
647 1123 714 1168 doce13
727 1123 792 1158 Pinn-

56 1197 139 1233 cumque,
150 1184 192 1219 eius
203 1182 296 1224 incolam,
307 1183 405 1226 bortatur,
416 1190 444 1226 ut,
454 1184 569 1232 ubicunque
579 1184 613 1224 sit.
623 1184 670 1221 vino
681 1198 736 1221 curas
747 1186 793 1233 pel-

55 1248 85 1289 nt,
95 1246 256 1296 quemadmodum
267 1248 345 1283 Tenen
354 1247 402 1283 olim
412 1246 490 1289 feccrit,
501 1247 564 1294 patrie
574 1249 650 1294 pulsus.
663 1252 724 1286 Meir.
734 1251 793 1285 vlu.

55 1336 265 1413 narrabuntur
276 1350 371 1412 uuam
382 1345 721 1433 Rhoboniautuitdanen,

75 1443 128 1487 ‘aut
137 1424 270 1543 Epheison,
284 1420 426 1487 bimaiisve
437 1420 555 1489 Co'rinthi

55 1510 147 1561 moenia
171 1509 212 1561 vel
223 1494 322 1562 Bndcho
332 1501 443 1573 Thebas,
459 1508 498 1562 vel
511 1496 753 1581 A'poilinebeiphos

86 1551 212 1655 insigdnes,
224 1570 516 1654 aut¹Tbessala¹Tempe

53 1657 121 1721 Sunt,
133 1660 234 1730 quibus
244 1677 327 1711 unum
339 1676 405 1729 opus
415 1664 462 1722 est,
478 1660 587 1713 intactae
597 1660 709 1714 Palladis
720 1679 790 1715 arces
835 1674 846 1714 5

85 1734 199 1787 carmine
209 1742 332 1804 perpetuo
342 1734 478 1798 celebrare,
493 1741 518 1787 et

52 1809 166 1879 undique
175 1809 321 1879 decerptam
333 1808 416 1862 frondi
428 1826 586 1879 praeponere
594 1810 701 1862 olivam.

85 1884 228 1947 Plurimus,
242 1886 268 1936 in
280 1881 387 1937 Iunonis
399 1885 532 1948 bonorem,

53 1966 135 2027 aptum
146 1958 210 2011 dicit
219 1960 294 2029 equis
306 1958 388 2030 Argos
400 1959 520 2029 ditesque
529 1959 662 2030 Mycenes.

84 2034 121 2086 bie
133 2052 181 2087 nec
192 2040 242 2087 tam
256 2034 357 2103 patiens
367 2034 554 2097 Lacedaemon,

53 2124 93 2159 nec
103 2118 154 2161 tarn
166 2109 284 2162 Larissae
293 2110 421 2179 percussit
431 2126 540 2179 campus
550 2110 663 2179 opimae,

83 2200 159 2253 quam
176 2183 270 2239 domus
281 2184 415 2239 Albuneae
428 2184 581 2247 resonantis

51 2264 70 2306 et
78 2274 116 2327 pra
140 2277 199 2328 »eps
209 2258 277 2312 Anio
287 2276 315 2313 ac
325 2259 437 2313 Tiburni
448 2258 533 2322 lucus,
545 2266 569 2311 et
578 2257 630 2311 uda

80 2350 114 2387 nro
152 2334 225 2387 libus
235 2335 353 2403 pomaria
364 2334 439 2388 rivis.
555 2355 560 2363 ¹

54 2256 167 2485 ilbran
177 2409 288 2463 obscuro
299 2408 418 2479 deterget·
423 2407 486 2460 nubi
491 2406 513 2459 ia
524 2405 594 2461 coelo

105 2482 109 2491 “
134 2489 139 2504 ’
165 2485 256 2546 Notus
270 2501 355 2554 neque
366 2482 475 2552 parturit
486 2482 584 2535 imbres

100 2560 107 2620 j
148 2576 193 2611 os:
215 2558 253 2609 sic
262 2565 290 2609 tu
301 2558 405 2627 sapiens
417 2556 492 2610 finire
505 2563 635 2610 memento

90 2634 103 2703 ’Ἰ
128 2634 212 2689 *itiam
223 2632 456 2703 vitaequoiabores
