2067 3067
215 153 265 206 400
467 157 707 221 0000000000

189 257 195 272 ’
215 266 240 311 st
252 256 362 312 Messala
371 257 487 313 videris?
505 258 539 313 At
548 258 601 323 hio,
613 259 637 311 si
646 256 743 329 plostra
753 256 872 322 ducente,

216 340 424 405 concurrantque
433 331 488 387 foro
497 332 546 386 tria
555 331 656 396 funere,
668 348 763 404 magne
773 332 885 396 sonabit,

134 464 138 473 ,
216 424 313 483 cornua
323 406 396 479 quod
404 408 545 479 vincatque
553 408 643 475 tubes;
655 406 748 460 saltem
757 413 827 461 tonet
839 407 890 461 hoo
898 424 958 461 nos.

161 486 187 533 15
217 481 333 536 Nunced
342 499 385 535 000
394 481 470 536 redeo
479 481 602 537 libertino
610 489 683 553 patre
692 487 793 544 netum,

215 572 296 627 quem
306 556 501 611 roduntomnos
511 560 630 612 libertino
636 566 713 624 patre
721 565 825 624 neotum,⁴

216 648 301 697 nuno,
317 631 380 703 quia
399 632 451 685 sim
472 631 534 697 tibi,
550 632 697 696 Maecenas,
713 631 858 696 convictor,
879 639 928 685 ot·

706 704 780 771 olim,

216 779 288 851 quod
297 780 364 835 mihi
377 789 478 852 pareret
491 780 559 854 legio
577 782 695 836 11000000
704 782 820 835 tribuno.

215 855 349 909 Dissimile
358 856 407 911 hoo
416 856 456 910 illi
465 867 517 911 est:
538 856 603 928 quis
613 874 676 921 non,
688 864 718 910 ut
727 855 802 911 forsit
810 856 935 909 honorem

161 939 187 981 50
217 930 273 983 iure
282 931 350 985 mihi
359 931 583 1003 invideatquivis,
596 932 631 986 ita
641 938 781 1002 tequoque
789 932 914 995 amicum,

214 1006 367 1075 praesertim
376 1014 483 1061 cautum
491 1006 586 1079 dignos
595 1006 742 1070 adsumere,
754 1024 835 1077 preve

215 1080 357 1135 ambitione
365 1080 467 1151 procul.
505 1080 620 1135 Felicem
629 1080 714 1135 dicore
723 1098 776 1135 non
787 1081 836 1135 hoc

214 1171 258 1207 mo
266 1155 375 1224 possim,
387 1172 449 1209 casu
459 1154 679 1226 qnodtesortitus
689 1155 813 1208 amicum.
876 1199 879 1207 .

215 1226 294 1281 Nulla
304 1230 400 1281 etenim
409 1229 477 1282 mihi
490 1238 514 1283 te
525 1228 579 1283 fors
591 1228 699 1296 obtulit;
719 1229 835 1299 optimus
844 1229 907 1283 olim

161 1312 185 1353 55
215 1300 350 1374 Virgilius,
362 1311 420 1373 post
429 1303 502 1357 huno
511 1304 605 1358 Varius
614 1302 704 1357 dixere
713 1303 780 1377 quid
788 1321 881 1359 essem.

215 1376 248 1429 Ut
257 1376 317 1431 veni
327 1393 422 1443 coram,
435 1376 574 1449 singultim
584 1394 666 1449 peuce
677 1376 812 1449 loquutus,
822 1410 860 1420 —

214 1449 302 1507 infans
312 1468 427 1523 namque
435 1452 521 1523 pudor
530 1452 685 1523 prohibebat
693 1451 770 1524 plura
779 1453 923 1524 profari-

114 1536 121 1551 ·
214 1543 267 1581 000
278 1542 326 1599 ego
336 1543 378 1580 me
388 1526 457 1581 clero
466 1535 558 1583 netum
567 1535 648 1599 petre,
659 1545 712 1582 non
721 1545 770 1601 ego
777 1532 879 1583 circum

213 1618 257 1654 me
265 1600 417 1657 Satureiano
427 1603 523 1659 vecteri
531 1621 593 1657 rure
602 1601 711 1668 caballo,

161 1685 186 1727 00
215 1675 274 1741 sod,
297 1676 369 1747 quod
385 1695 468 1742 erem,
489 1695 577 1733 narro.
615 1677 779 1749 Respondes,
801 1684 904 1731 uttuus
918 1685 956 1731 est

651 1770 719 1818 mos,

213 1843 309 1897 pauca,
330 1828 407 1895 ahoe,
420 1836 444 1882 et
453 1846 559 1885 revoces
568 1844 638 1883 nono
647 1836 707 1899 post
715 1843 805 1881 mense
815 1826 943 1897 iubesque

213 1902 306 1955 esseio
316 1904 460 1958 amicorum
469 1920 589 1959 numero.
622 1903 748 1975 Magnum
761 1901 811 1956 hoc
819 1919 867 1973 ego
876 1901 951 1963 duco,

213 1975 285 2047 quod
294 1975 381 2046 placui
392 1978 449 2041 tibi,
461 1979 509 2048 qni
518 1977 591 2047 turpi
600 1978 714 2031 secernis
723 1977 872 2040 honestum,

212 2068 265 2104 000
274 2055 345 2121 patre
354 2049 492 2121 praeclaro,
504 2051 551 2105 sed
560 2051 615 2105 vita
623 2058 758 2122 otpeotore
766 2069 841 2122 puro.

113 2172 123 2183 „
158 2135 182 2176 05
212 2126 293 2197 Atqui
303 2126 326 2178 si
337 2125 407 2178 vitiis
416 2124 698 2183 mediocribusacmeo
706 2127 798 2198 paucis
906 2193 911 2200 θ

211 2199 336 2255 mendose
346 2206 385 2253 est
393 2206 494 2264 nature,
506 2199 606 2271 alioqui
616 2208 683 2257 recte
691 2232 730 2242 -
740 2200 810 2256 velut
820 2200 843 2254 si

211 2274 316 2347 egregio
326 2274 457 2345 inspersos
467 2274 643 2345 reprehendes
651 2292 757 2347 corpore
767 2283 908 2329 naevos-

211 2352 234 2402 si
245 2366 330 2420 neque
340 2349 477 2404 avaritiam
486 2366 573 2421 neque
582 2349 671 2405 sordes
680 2348 804 2405 anomala
814 2348 895 2402 lustra

210 2424 314 2477 obiiciet
324 2424 537 2496 veroquisquam
549 2424 629 2493 mihi;
641 2442 726 2496 purus
734 2432 760 2477 et
770 2423 860 2477 insons
870 2455 907 2463 -

157 2508 184 2550 50
213 2504 242 2551 ut
251 2514 294 2551 me
303 2496 448 2552 collaudem
459 2528 496 2539 -
507 2498 532 2551 si
540 2506 567 2552 et
575 2499 637 2554 vivo
646 2516 723 2553 cerus
733 2498 838 2552 amicis:

211 2588 289 2625 censa
299 2569 349 2626 fuit
356 2579 428 2643 pater
434 2572 489 2636 his,
501 2572 550 2645 qui
560 2590 648 2629 mecro
657 2590 756 2645 pauper
764 2572 849 2645 agello

211 2643 295 2700 noluit
303 2644 332 2700 in
341 2646 417 2704 elau
426 2645 521 2703 ludum
530 2664 574 2703 me
583 2648 692 2714 mittere,
704 2649 795 2720 magni
