2067 3067
300 168 370 214 mn.
391 167 413 214 1.
443 165 592 227 sinrr.
770 164 818 213 rso

71 274 171 332 eontra,
183 267 339 332 Laevinum,
352 268 437 323 Valerl
447 285 542 340 genus,
556 266 627 320 unde
636 264 771 338 Superbus

6 378 7 385 ι
72 343 234 414 Tarquinius
245 360 325 416 regno
335 343 428 413 pulsus
439 342 496 406 fuit,
511 342 594 396 unius
602 344 669 395 assis

6 420 8 431 '
73 436 126 473 non
138 434 266 488 umquam
275 418 357 489 pretio
366 417 451 488 pluris
463 416 579 480 licuisse,
593 423 726 485 notontox
893 472 898 481 ,

6 488 8 513 ⁸
73 493 169 557 iudice,
181 509 235 563 quo
245 493 321 556 nosti,
334 491 440 563 populo,
456 492 503 563 qui
513 490 610 545 stultus
620 490 731 543 honoros
847 500 873 543 tt

73 584 151 638 saepe
163 566 207 621 dat
217 567 344 639 indignis,
355 574 380 621 et
389 566 473 621 lamae
481 566 562 621 servit
571 569 685 635 ineptus,

74 643 123 715 qui
132 648 219 712 stupet
227 642 256 696 in
265 641 348 696 titulis
357 648 382 695 et
391 641 564 714 imaginibus.
602 637 673 705 Quid
683 645 782 709 oportet

74 715 224 782 nosiacus,
236 734 251 771 a
261 716 343 789 vulgo
352 716 429 789 longo
438 716 568 790 longeque
576 711 706 768 remotos?

74 794 197 864 Namque
205 799 269 856 esto,
281 789 395 863 populus
404 791 519 846 Laevino
529 788 618 845 mallet
626 788 760 851 honorem,
783 824 787 831 -

75 884 157 938 quarn
167 867 243 921 Decio
253 865 377 921 mandere
386 883 463 930 novo,
475 880 620 934 censorque
628 873 744 917 moveret
847 871 873 914 to

74 942 188 1012 Appius,
201 941 316 1014 ingenuo
325 942 349 994 si
359 958 411 995 non
423 956 506 994 essem
517 946 590 1010 patre
598 945 689 992 natus:

75 1015 117 1071 vel
128 1016 228 1080 merito,
240 1016 366 1087 quonium
376 1016 404 1069 in
413 1014 518 1085 propria
529 1031 582 1068 non
594 1012 662 1083 pelle
671 1012 815 1084 quiessem.

76 1089 253 1163 Sedlulgento
261 1090 499 1144 trahitoonstriotos
508 1087 682 1162 glorioourru

39 1189 41 1195 ·
76 1182 130 1221 non
140 1165 231 1219 minus
240 1166 341 1239 ignotos
350 1166 492 1239 generosis.
531 1160 739 1229 Quotibi,Tilli‚

75 1257 180 1295 sumere
189 1240 336 1311 depositum
346 1239 459 1305 olavum,
471 1239 582 1310 fierique
594 1236 718 1291 tribuno?
847 1245 873 1288 25

75 1315 179 1371 Invidia
191 1316 309 1381 accrevit,
320 1315 421 1387 privato
431 1333 499 1387 quae
508 1314 596 1367 minor
604 1319 680 1366 esset.

76 1390 144 1445 Nam
162 1396 192 1446 ut
211 1391 326 1464 quisquo
344 1389 454 1447 insanus
468 1390 554 1463 nigris
567 1387 686 1442 medium
700 1385 820 1458 impediit

566 1480 628 1517 orus

76 1537 200 1611 pellibus,
214 1547 239 1595 et
248 1539 331 1595 latum
340 1539 445 1594 demisit
452 1545 556 1609 peotom
564 1537 679 1601 clavum,

77 1614 151 1674 audit
160 1615 301 1670 oontinuo:
322 1613 406 1680 »Quis
416 1614 495 1667 homo
504 1611 583 1665 hic‘l«
601 1619 639 1665 ot:
649 1608 736 1736 pono
747 1614 820 1680 patro

568 1693 646 1739 natus

79 1764 111 1817 Ut
119 1762 142 1815 si
152 1761 200 1833 qui
210 1768 329 1834 aegrotet,
343 1777 398 1832 quo
407 1759 498 1813 morbo
507 1759 612 1823 Barrus,
624 1758 715 1811 heberi
848 1765 874 1807 so

76 1846 108 1893 ut
117 1836 206 1907 cupiet
217 1835 356 1898 formosus,
367 1841 409 1889 eat
420 1848 597 1906 quacumque,
611 1830 708 1902 puellis

78 1912 177 1967 iniiciat
186 1928 277 1966 euram
286 1907 429 1983 quaerendi
442 1905 557 1980 singulo,
572 1905 647 1978 quali

77 1987 112 2041 sit
121 1986 193 2052 fecie,
205 2004 276 2052 sura,
288 1984 361 2058 quali
371 1982 446 2056 pede,
458 1984 543 2047 dente,
554 1980 663 2053 oopillo:

78 2062 171 2134 sioqni
179 2061 314 2134 promittit,
327 2060 406 2125 nives,
418 2059 515 2113 Urbem
525 2058 578 2112 sibi
591 2072 677 2119 curas,

5 2144 6 2153 ¹
78 2137 216 2209 imperium
228 2136 290 2201 fore,
302 2144 328 2189 et
339 2134 449 2200 ltaliam,
460 2141 486 2188 et
494 2129 604 2189 delubra
612 2131 733 2195 deorum;
849 2136 874 2179 35

79 2230 131 2284 quo
141 2220 212 2284 patre
221 2213 257 2267 sit
266 2219 351 2276 natus,
365 2227 431 2265 num
441 2210 531 2283 ignoto
538 2217 621 2263 mnne
630 2206 794 2266 inhonestus,

5 2292 7 2335 ἲ
79 2304 168 2341 omnes
179 2287 301 2343 mortales
309 2303 400 2341 curare
409 2292 434 2340 et
443 2302 569 2358 quaerere
578 2282 657 2355 eogit.

79 2368 95 2416 ‘l
106 2363 187 2427 Tune,
199 2362 268 2436 Syri,
280 2363 384 2427 Damae,
395 2368 440 2415 aut
449 2360 559 2433 Dionysi
570 2357 651 2420 filius,
664 2353 745 2408 sudes

80 2435 188 2490 deiicere
196 2454 211 2491 e
220 2454 283 2492 saxo
293 2438 373 2502 cives,
385 2442 431 2490 aut
439 2434 540 2489 tradere
549 2428 665 2488 Cadmo‘l

80 2515 96 2565 l
106 2509 139 2564 At
149 2511 248 2566 Novius
260 2511 357 2586 oollegn
366 2510 450 2585 gradu
459 2516 518 2581 post
528 2525 571 2563 me
580 2505 651 2569 sodet
660 2519 726 2570 ⁰¹10}
849 2507 876 2555 4⁰

80 2582 195 2657 nonoque
209 2593 248 2640 est
261 2586 314 2653 illo,
329 2594 402 2659 pater
416 2585 488 2658 quod
497 2591 646 2711 emtrqeuql.
684 2577 765 2633 illoc
774 2576 821 2631 tibi

590 2672 626 2711 ru
647 2671 679 2709 us
