2067 3067
218 74 248 126 12
486 75 687 129 ΟΒΑΒΙῙΝ

252 176 334 231 donec
344 176 439 230 virenti
448 178 556 231 canities
566 178 638 231 abest
669 198 673 201 ·

254 268 365 305 morosa.
404 254 482 305 Nunc
490 260 515 306 et
525 270 635 323 campus
644 259 669 306 ot
678 270 763 317 areae,

291 324 415 395 lenesque
425 328 476 379 sub
486 337 587 381 noctem
597 328 701 382 susurri

161 410 188 455 2⁰
328 402 711 480 compositarepetanturhora‚

253 509 326 546 nuno
337 502 362 545 et
372 491 473 545 latentis
483 494 598 563 proditor
611 494 704 547 intimo

253 576 343 640 gratus
352 566 455 637 puellae
464 569 534 621 risus
543 569 577 621 ab
587 568 692 640 angulo,

290 642 442 715 pignusque
450 642 586 713 dereptum
597 642 708 707 lacertis,

327 726 372 770 aut
381 717 463 791 digito
473 718 542 772 male
549 718 684 789 pertinaci.

466 976 491 1031 t)
522 975 552 1030 D
582 973 609 1031 Ε
667 974 711 1034 Χ.

348 1090 503 1133 uruuus
528 1093 573 1138 riu
599 1092 829 1138 mascusium,

218 1300 308 1338 celebrat
319 1312 363 1335 eum
372 1312 382 1334 ι
391 1299 452 1337 variis
463 1299 504 1339 eius
515 1299 631 1340 numinibus
640 1299 802 1349 muneribusque.
820 1303 883 1341 Matr.
892 1271 966 1337 ivl!-

254 1388 384 1462 Merodri‚
396 1397 509 1461 facunde
518 1393 599 1470 ndpos
608 1384 731 1465 Adustis,

253 1474 300 1545 qui
311 1472 377 1527 feros
387 1474 473 1530 cultus
483 1475 624 1531 hominum
634 1483 768 1533 recentum

254 1566 316 1603 voce
326 1548 442 1603 formasti
452 1558 536 1615 catus,
547 1557 572 1605 et
582 1551 688 1606 deeorae

331 1641 402 1678 mors
412 1624 566 1695 palaestrae:

253 1726 277 1772 te
286 1735 387 1782 canam,
400 1716 490 1790 magui
501 1717 570 1783 Iovis
579 1724 605 1770 et
614 1716 723 1772 deorum

253 1794 391 1857 nuncium,
404 1810 553 1865 curvaeque
563 1790 635 1865 lyrae
646 1797 795 1863 parentem

253 1868 388 1932 callidum,
400 1868 534 1941 quidquid
542 1866 650 1938 placuit,
662 1866 748 1922 iocoso

330 1944 439 1997 condere
448 1941 527 1995 furto.

253 2036 297 2097 Te,
309 2033 389 2087 boves
399 2032 462 2086 olim
473 2033 526 2085 nisi
535 2031 694 2085 reddidisses

253 2127 300 2181 per
309 2107 400 2161 dolum
411 2113 518 2169 amotas,
530 2124 645 2177 puerum
654 2106 750 2159 minaei

253 2200 315 2238 vooe
325 2183 390 2235 dum
400 2189 484 2245 terret,
499 2181 599 2236 viduus
608 2182 729 2253 pharetra

329 2258 387 2310 risit
398 2256 499 2327 Apollo.

252 2351 321 2416 Quin
333 2358 358 2403 et
367 2350 480 2415 Atridas,
493 2350 560 2403 duee
570 2356 601 2413 te,
614 2348 741 2420 superbos

253 2426 271 2479 ΙΙ
276 2427 300 2481 io
309 2425 382 2479 dives
393 2426 513 2479 Priamus
523 2423 611 2479 relicto

254 2499 443 2572 Thessalosque
453 2500 528 2573 ignes
538 2507 564 2553 et
573 2500 665 2574 iniqua
675 2499 766 2566 Troiae

330 2584 412 2630 castra
422 2575 522 2631 fefellit.
