2067 3067
343 137 492 184 LIBER
528 138 551 183 1.

240 340 265 395 o
295 340 383 416 uu
443 340 655 401 xxxvrr.

326 458 373 501 Au
395 458 566 504 sumus,

369 578 529 587 ·—-—--.-.

92 661 179 698 Exultat
188 667 247 710 poeta
256 661 280 699 ob
289 662 392 701 Aesim
401 662 515 707 victoriam,
528 664 677 717 iuuenumque
685 676 731 717 port
740 670 796 708 inm

296 726 411 774 Cleopatrae
420 734 510 763 mortem·
536 729 594 765 XVI.

106 810 193 875 Nunc
202 830 242 876 est
250 823 405 889 bibendum,
419 843 490 879 nunc
499 827 565 897 pede
575 827 658 884 libero

105 896 239 966 pulsanda
251 898 340 952 tellus:
362 916 433 953 nunc
441 900 587 957 Saliaribus

142 988 237 1027 ornare
245 972 371 1043 pulvinar
379 973 489 1031 deorum

181 1054 286 1118 tempus
296 1056 350 1101 erat
360 1048 483 1119 dapibus,
495 1050 608 1106 sodales.

104 1136 224 1191 Antehac
234 1138 315 1203 nefas,
327 1139 478 1211 depromere
488 1142 639 1198 Caecubum

104 1208 178 1265 oellis
189 1213 275 1277 avitis,
288 1214 353 1267 dum
362 1214 489 1286 Capitolio

142 1288 233 1361 regina
243 1287 376 1345 dementes
386 1291 477 1345 ruinas

180 1361 262 1416 sunus
272 1371 297 1416 et
306 1364 417 1435 imperio
429 1366 537 1435 perabat

103 1454 279 1508 contaminato
290 1472 351 1509 oum
361 1472 407 1529 gre
426 1474 440 1511 e
450 1458 569 1529 turpium

102 1527 196 1581 morbo
206 1528 332 1595 virorum,
345 1474 475 1603 quirffibet
486 1532 615 1604 impotens

139 1620 253 1674 sperare,
265 1602 422 1679 fortunaque
430 1604 502 1661 duloi

177 1678 260 1733 ebria.
299 1679 458 1735 Sedminuit
467 1681 582 1737 furorem

100 1769 149 1822 vix
159 1786 213 1823 una
222 1788 312 1842 sospes
323 1772 399 1826 navis
409 1773 442 1827 ab
453 1774 574 1846 ignibus3

99 1852 270 1916 mentemque
280 1845 444 1919 lymphatum
455 1848 480 1903 M
482 1851 591 1903 areotioo

138 1918 239 1989 redegit
248 1921 276 1975 in
288 1939 362 1977 veros
372 1923 478 1977 timores
615 1927 623 1932 ’

176 1994 279 2061 Caesar,
292 1997 326 2050 ab
336 1996 407 2051 ltalia
420 1996 550 2054 volantem

99 2084 180 2137 remis
191 2084 332 2160 adurgeer
345 2090 466 2161 accipiter
475 2089 548 2144 velut

98 2158 192 2213 molles
202 2160 346 2228 columbas¹
360 2173 404 2219 aut
414 2163 528 2236 leporem
540 2166 607 2220 citus

136 2242 244 2289 venatur
254 2237 281 2290 in
292 2239 392 2310 rumpis
403 2240 500 2294 nivalis

175 2310 342 2377 Haemoniae,
354 2314 427 2369 daret
435 2323 465 2368 ut
474 2317 572 2369 eatenis

97 2398 176 2453 fatale
185 2410 347 2457 monstrum:
368 2422 445 2476 quae,
458 2406 612 2479 generosius

96 2476 184 2543 perire
193 2494 332 2549 quaerens,
344 2498 392 2533 noo
402 2480 564 2535 muliebriter

135 2552 242 2621 expavit
251 2570 350 2618 ensem¹
363 2572 411 2609 neo
421 2555 527 2610 latentes

172 2625 255 2681 classo
264 2630 314 2682 cita
324 2631 452 2700 reparavit
462 2647 534 2698 orus3
