2067 3067
470 114 672 161 ODARUM

237 238 291 291 quo
301 220 377 271 bruta
387 214 473 279 tellus,
485 222 510 268 et
520 233 586 287 vaga
600 214 719 276 flumina,

239 312 293 366 quo
304 293 370 364 Styx
380 300 405 343 et
418 291 497 343 invisi
508 290 614 343 horrida
624 289 734 342 Taenari

276 368 350 421 sedes
359 367 548 435 Atlanteusque
559 365 620 417 furis

313 442 468 495 concutitur.
510 440 583 493 Valet
596 440 648 491 iura
658 438 772 490 suminis

239 543 350 598 mutare,
363 540 387 586 et
398 533 529 603 insignem
543 537 658 585 attenuat
667 528 742 590 deus,

239 612 349 664 obseura
360 625 496 679 proruens:
518 606 581 658 hino
591 606 691 675 apicem
701 620 781 673 rapax

149 697 174 739 15
277 686 392 738 Fortuna
406 700 467 736 curn
478 682 587 735 stridore
597 686 671 733 aouto

316 758 431 823 sustulit,
445 756 488 811 hio
496 757 617 827 posuisse
625 752 731 827 gaudet.

400 1044 424 1097 0
454 1041 484 1096 D
514 1039 541 1093 E
601 1033 762 1093 XXXV.

332 1161 378 1201 An
401 1156 601 1201 norrrunnu
623 1152 824 1196 nunrarnu.

497 1273 660 1281 Μ

244 1370 343 1405 Fortunae
357 1363 446 1413 potentin
459 1361 541 1398 uberius
556 1360 646 1402 laudan,
661 1363 754 1405 precatur
762 1350 803 1391 euru
814 1363 836 1391 ut
845 1354 897 1390 adsit
908 1356 940 1391 Au
948 1377 955 1383 -

208 1440 264 1482 gusto
274 1430 295 1467 iu
305 1427 430 1465 Britanniam
440 1426 567 1474 profecturo,
582 1428 602 1459 ct
612 1429 633 1457 ut
642 1420 723 1457 onurino
737 1432 789 1455 arma
799 1419 822 1454 ab
835 1418 921 1455 internis
931 1419 957 1453 ad

209 1502 290 1533 externa
300 1493 352 1529 belin
361 1496 510 1527 convertantur.
535 1489 596 1526 Metr.
609 1485 667 1521 XVI.

247 1583 276 1646 Ο
287 1590 358 1652 diva,
370 1596 474 1662 gratum
484 1604 553 1658 quae
562 1586 632 1657 regis
642 1584 760 1646 Antium,

247 1684 370 1739 praesens
381 1664 421 1717 vel
434 1664 486 1717 irno
496 1662 584 1715 tollere
593 1661 625 1713 de
634 1659 719 1731 gradu

284 1740 392 1795 mortale
403 1756 506 1809 eorpus,
519 1735 560 1789 vol
571 1735 698 1805 superbos

322 1825 421 1871 vertere
432 1812 570 1868 funeribus
581 1809 742 1879 triumphos:
754 1836 792 1847 --

249 1920 273 1963 te
283 1926 382 1980 pauper
392 1906 474 1960 ambit
485 1904 593 1957 sollicita
607 1917 682 1971 prece
758 1915 763 1927 ·
825 1964 828 1972 1

248 1985 318 2038 ruris
328 1981 444 2039 colonus,
458 1988 490 2041 te,
503 1977 638 2031 dominam
649 1973 777 2043 aequoris,

285 2048 682 2129 quicumqueBithyna-laoessit

324 2128 493 2199 Carpathium
508 2122 724 2196 pelagusoarina.

250 2228 285 2279 Te
295 2224 379 2277 Dacus
390 2236 473 2290 asper,
486 2226 510 2271 te
521 2214 625 2287 profugi
635 2213 755 2286 Scythae,

251 2300 392 2369 urbesque,
404 2302 556 2368 gentesque,
568 2298 593 2343 et
604 2290 707 2344 Latium
717 2287 798 2350 ferox,

288 2388 434 2447 regumque
445 2377 540 2423 matres
551 2366 732 2429 barbarorum,
748 2369 773 2416 et

325 2445 450 2519 purpurei
461 2451 582 2497 rnetuunt
592 2440 707 2514 tyranni,

252 2540 378 2593 iniurioso
389 2555 421 2590 ne
431 2536 496 2607 pede
506 2551 616 2606 proruas

252 2622 364 2669 stantem
373 2612 534 2674 oolumnarn,
546 2626 596 2681 neu
607 2605 722 2679 populus
734 2602 857 2673 frequens
