2067 3067
218 141 267 194 rm
489 119 758 197 onnauu-'

216 246 351 310 eboraco,
363 247 439 318 sequi
449 246 531 302 deum
662 290 670 296 .

161 330 188 374 2⁰
254 321 403 394 cingentem
412 322 492 378 viridi
500 330 617 396 tempora
626 323 762 396 pampino.

420 523 506 580 01)
535 523 562 578 E
621 521 766 579 xxvl.
867 576 869 581 .

466 639 513 682 au
537 639 714 682 venereum

219 843 283 891 Quasi
292 843 420 883 ebriatum
429 844 488 882 rebus
498 843 591 883 omnibus
600 843 705 888 venereis.
715 842 736 882 in
745 843 786 882 iiras
793 850 859 882 tamen
869 844 894 882 (le
904 843 965 883 chloe

376 915 447 947 votum
454 907 539 947 feeit-ad
548 911 651 947 Venerem.
675 911 737 948 Meu.
746 909 806 947 XVI.

253 997 325 1061 Vixi
336 1005 432 1077 puellis
442 1025 527 1080 nuper
537 1007 656 1072 idoneus,

253 1088 279 1135 et
288 1080 400 1135 militavi
411 1100 463 1136 non
477 1084 535 1136 sine
544 1082 641 1154 gloria:

291 1172 365 1208 nuuc
375 1172 446 1209 arma
457 1155 665 1226 defunctumque
677 1154 746 1208 bello

328 1228 450 1283 barbiton
459 1229 504 1282 bic
513 1229 599 1299 paries
609 1229 725 1292 habebit,

213 1344 216 1349 >
254 1319 361 1376 laevum
371 1320 488 1376 marinae
497 1319 546 1391 qui
555 1319 664 1375 Veneris
677 1317 746 1372 latus

254 1393 376 1447 custodit.
416 1392 713 1464 llicbicponitolucida

291 1467 392 1522 funalia
402 1476 428 1523 et
437 1476 522 1523 vectes
532 1475 557 1521 et
566 1484 643 1522 arcus

329 1544 456 1614 oppositis
466 1542 568 1598 foribus
578 1541 702 1595 minaces.

254 1633 356 1704 Oquae
365 1634 477 1700 beatam
489 1634 560 1697 diva,
572 1641 644 1687 tenes
654 1633 774 1706 Cyprum
784 1641 809 1685 et

254 1708 391 1780 Memphin
401 1717 531 1764 carentem
541 1707 659 1762 Sithonia
671 1709 742 1772 nive,

292 1784 392 1856 regina,
403 1783 514 1838 sublimi
528 1782 630 1856 flagello

328 1865 407 1931 tange
416 1859 516 1921 Chloen
525 1858 605 1914 semel
616 1864 790 1931 arrogantem.

408 2073 432 2126 0
463 2072 493 2127 D
523 2071 551 2126 Ε
609 2069 780 2127 XXVII.

451 2187 497 2229 su
520 2187 729 2232 cuuaruau,

506 2302 673 2314 —n—-ss

215 2391 325 2431 Dissuadet
333 2389 352 2429 ei
361 2390 401 2430 iter
409 2403 447 2442 per·
458 2403 512 2429 mure
520 2391 673 2436 Hadriaticum,
687 2392 781 2440 Europae
794 2389 893 2439 Imprimis
906 2389 966 2438 peri-

335 2456 380 2494 cula
389 2453 489 2505 prolixius
499 2454 524 2491 ob
534 2455 601 2492 oculos
611 2453 683 2503 posite·
707 2455 769 2493 Μαι.
778 2451 848 2490 xvn.

253 2546 356 2625 Impius
366 2573 458 2626 parrae
467 2537 607 2610 recirrentis
616 2570 693 2609 omen

253 2628 332 2683 ducat
340 2637 366 2684 et
373 2648 522 2705 praegnans
532 2630 615 2696 oanis.
627 2636 672 2685 aut
681 2627 715 2684 ab
724 2643 788 2704 egro

575 2799 598 2862 ll

607 2887 618 2940 l

617 2947 622 2970 t
