2067 3067
335 119 484 166 LIBER
519 122 542 169 1.

96 239 215 297 pugnae,
228 222 285 276 sive
294 235 361 293 opus
371 228 410 275 est
420 222 568 292 imperitare
577 224 663 295 cquis,

97 316 152 354 non
164 298 257 371 auriga
267 297 351 370 piger.
390 296 522 351 Merionen
532 314 639 369 quoque

97 389 203 428 nosces.
242 372 309 427 Eme
318 370 538 442 lurrttereperrre
547 380 621 427 atrox

136 446 265 521 Tydides,
276 445 463 517 meliorpatre:

98 556 182 611 quem
193 546 233 602 tu,
245 554 341 592 cervus
349 538 388 590 uti
398 536 492 591 vallis
485 555 511 591 rn
522 538 603 592 altera

98 615 192 669 visum
201 619 275 685 parte
284 611 378 684 lupum
387 612 516 684 graminis
526 614 673 677 immemor,

99 688 213 743 sublimi
223 686 308 759 lugies
317 686 405 740 mollis
417 686 545 751 anhelitu,

136 780 192 817 non
202 762 253 816 hoo
262 760 393 833 pollicitus
403 770 472 815 tuae.

98 852 231 908 iracunda
240 853 311 907 diem
322 851 433 923 pmleret
442 852 490 906 llio

99 928 282 999 matronisque
291 924 427 999 Phrygum
438 926 531 981 elassis
540 925 665 996 lobeton

100 1009 161 1075 poet
170 1009 252 1057 certas
265 1001 364 1055 hiemes
374 1007 432 1055 uret
441 1002 572 1057 Achaicus

139 1077 211 1150 ignis
220 1078 374 1149 Pergameas
386 1075 507 1130 domos«

283 1276 368 1331 01)
397 1275 425 1330 E
483 1274 589 1331 xvi.
660 1356 668 1368 ⁴

210 1390 420 1435 renruonie
442 1392 491 1435 en
516 1394 667 1437 euicere.

64 1598 153 1637 Excusat
225 1598 434 1699 um,qrr:illmim
404 1597 528 1637 bm'le
529 1600 664 1644 rat‚eclrnt‹l
673 1601 753 1639 uberim
731 1601 810 1649 mugit

117 1610 240 1711 petilclrlllelu
226 1668 288 1699 utm
309 1661 518 1710 unnircmngtnnc
499 1665 756 1704 eremeticam

103 1752 133 1817 0
144 1768 227 1815 matre
224 1760 347 1846 pulchra
356 1760 409 1815 lilia
422 1760 566 1833 pulchrior,

104 1853 184 1909 quem
193 1836 343 1889 criminosis
352 1852 467 1921 cumque
478 1835 549 1891 voles
562 1837 671 1893 modum

140 1926 221 1982 pones
230 1910 369 1974 iambis
348 1928 404 1965 ervo
413 1910 520 1965 flamma

178 1985 234 2039 siva
242 2002 310 2039 marr
303 1952 382 2039 'llbet
390 1986 531 2040 Hadriano.

105 2076 162 2129 Non
171 2075 343 2147 Dindymene,
355 2094 407 2130 non
418 2075 504 2150 adytis
513 2077 599 2148 quatit

103 2156 217 2211 mentem
227 2150 389 2205 sacerdotum
401 2152 484 2205 incola
495 2151 617 2223 Pythius,

133 2222 192 2283 len
203 2224 383 2296 Liberaeque,
396 2234 533 2280 nonacuta
594 2254 601 2268 ·

153 2341 158 2362 ,
176 2300 199 2353 si
208 2300 344 2372 geminant
354 2300 514 2373 Corybantes
525 2318 593 2366 aera,

98 2390 134 2445 tric
159 2406 187 2444 es
197 2394 227 2442 ut
237 2387 299 2451 irae
314 2405 381 2459 quas
390 2404 477 2460 nequa
487 2389 599 2443 Noricus

159 2462 300 2527 metensis,
314 2480 361 2516 nec
371 2462 622 2537 marenaulragum,

136 2553 138 2579 f
195 2537 380 2617 saevusignis,
391 2554 439 2591 nec
450 2540 585 2594 tremendo

176 2611 292 2685 Iupiter'
284 2628 341 2693 1pse
350 2629 430 2669 ruens
440 2611 568 2667 tumultu.
