2067 3067
231 102 279 156 ⁴80
480 109 720 159 SATYRARUM

229 207 383 279 impositum
392 208 464 263 saxis
474 208 525 264 late
534 210 706 265 candentibus
717 210 821 266 Anxur.

228 285 286 337 Hac
295 288 422 337 venturus
432 291 486 339 erat
495 286 629 339 Maecenas
638 286 763 357 optimus,
775 294 854 358 atque

228 358 360 422 Cocceius,
374 358 449 412 missi
459 360 564 432 magnis
573 359 606 414 dc
615 360 694 414 rebus
704 367 814 432 uterque

228 432 315 505 legati,
327 449 431 487 aversos
441 433 510 487 soliti
521 451 674 505 componere
683 435 790 489 amicos.

174 518 200 561 30
228 508 276 561 llic
285 504 368 561 oculis
378 524 427 581 ego
436 509 513 581 nigra
524 510 590 563 meis
604 508 712 635 collpria
722 508 811 581 lippus

228 580 339 636 illinere.
378 582 476 636 Interea
488 583 647 638 Maeoenasa
666 584 738 636 venit
747 591 825 655 atque

228 656 360 721 Cocceius,
372 655 515 729 Capitoque
525 656 606 711 simul
616 657 749 723 Fonteius,
761 657 794 712 ad
803 675 920 731 unguem

227 732 311 787 laetus
321 732 413 797 homo;
437 730 544 796 Antoni,
556 749 609 785 non
619 738 648 784 ut
657 732 743 805 magis
762 732 834 797 alter,
846 734 957 788 amicus.

227 806 335 861 Fundos
345 805 451 861 Aufidio
460 808 545 863 Lusco
553 813 670 877 praetore
679 805 790 861 libenter

174 892 199 936 35
228 880 385 952 linquimus,
399 880 485 935 insani
495 880 608 935 ridentes
617 881 733 953 praemia
743 882 852 949 scribae,

228 962 386 1027 praetextam
396 964 420 1010 et
429 954 512 1011 latum
521 954 636 1021 clavum,
648 973 801 1027 prunaeque
809 956 941 1011 batillum.

228 1032 258 1085 In
268 1031 462 1085 Mamurrarum
471 1030 533 1085 lassi
543 1029 639 1085 deinde
648 1031 714 1090 urbe
723 1048 870 1096 manemus,

227 1106 336 1159 Murena
345 1105 484 1175 praebente
492 1105 612 1171 domum,
625 1104 750 1177 Capitone
759 1105 885 1160 culinam.

228 1181 330 1233 Postera
341 1178 388 1233 lux
397 1180 481 1233 oritur
490 1178 574 1234 multo
582 1180 744 1253 gratissima,
769 1198 884 1253 namque

173 1262 199 1308 lo
227 1252 325 1307 Plotius
334 1260 358 1305 et
369 1253 463 1309 Varius
472 1254 612 1309 sinuessae
621 1254 803 1329 Virgiliusque

226 1334 378 1394 occurrunt,
402 1328 512 1393 animae,
525 1328 618 1400 quales
628 1346 714 1402 noque
723 1329 886 1385 candidiores

227 1409 294 1457 terra
305 1399 374 1466 tulit,
387 1419 472 1474 neque
482 1407 544 1475 quis
554 1421 597 1458 me
605 1404 640 1457 sit
648 1404 793 1459 devinctior
803 1403 874 1459 alter.

226 1476 305 1548 Oqui
316 1475 469 1547 complexus
479 1484 503 1531 et
511 1478 607 1551 gaudia
617 1486 716 1550 quanta
724 1478 843 1533 fuerunt!

227 1551 271 1607 Nil
282 1568 330 1625 ego
340 1550 494 1607 contulerim
505 1552 621 1607 iucundo
631 1571 712 1608 sanus
721 1554 815 1608 amico.

171 1634 197 1681 45
226 1627 348 1681 Proxima
358 1626 491 1699 Campano
500 1628 574 1698 ponti
583 1645 652 1700 quae
661 1628 763 1694 villula,
775 1636 870 1683 tectum

225 1702 358 1772 praebuit,
379 1708 404 1755 et
412 1701 528 1773 parochi,
540 1703 721 1774 quaedebcnt,
738 1702 810 1775 ligna
823 1704 967 1776 salemque.

225 1776 292 1830 Hinc
301 1774 368 1831 muli
379 1776 482 1849 Capuae
492 1777 600 1833 clitellas
610 1785 725 1852 tempore
731 1787 844 1849 ponunt.

224 1851 327 1905 Lusum
336 1851 356 1905 it
365 1851 513 1921 Maecenas,
535 1853 678 1909 dormitum
687 1869 735 1925 ego
745 1851 937 1925 virgiliusque:

204 1978 209 1987 ,
224 1942 340 1996 namque
348 1925 403 1996 pila
412 1926 491 1998 lippis
502 1928 642 1982 inimicum
651 1935 676 1981 et
684 1926 774 1981 ludere
783 1925 881 1981 crudis.

170 2010 195 2053 5⁰
223 2000 290 2054 Hinc
300 2012 347 2054 nos
358 1999 457 2053 Cooceii
466 2002 557 2072 recipit
563 2001 717 2072 plenissima
727 2000 801 2069 villa,

224 2091 292 2145 quae
300 2090 379 2144 super
389 2081 427 2126 est
436 2074 521 2129 Caudi
530 2092 671 2147 cauponas.
710 2078 788 2131 Nunc
799 2077 866 2131 mihi
875 2077 967 2148 paucis

223 2147 351 2203 Sarmenti
361 2162 465 2201 scurrae
473 2166 593 2221 pugnam
601 2151 733 2223 Messlque
742 2152 843 2217 Cicirri,

224 2223 308 2290 Musa,
323 2220 401 2277 velim
412 2238 554 2292 memores,
567 2233 592 2278 et
600 2242 654 2296 quo
663 2234 735 2296 patre
743 2234 821 2281 natus
831 2233 941 2299 uterque

225 2294 361 2351 contulerit
371 2294 436 2349 lites.
476 2298 555 2352 Messi
565 2298 665 2353 clarum
675 2318 760 2374 genus
769 2299 842 2367 Osci,
856 2312 861 2319 ·

169 2381 194 2422 55
223 2370 352 2424 Sarmenti
362 2370 468 2427 domina
477 2380 573 2428 exstat:
595 2373 681 2428 abhis
691 2373 835 2427 maioribus
844 2374 893 2427 orti

223 2442 497 2515 adpugnamvenere.
536 2448 609 2505 Prior
618 2448 785 2503 Sarmentus:
806 2448 930 2521 »Equite

223 2533 298 2569 resse
307 2516 354 2571 feri
365 2518 488 2585 similam,
501 2519 589 2575 dico«
607 2504 747 2575 liidemus:
769 2524 860 2594 etipse

222 2588 348 2647 Messius:
362 2590 521 2667 »Accipimc
538 2602 617 2669 caput
625 2603 650 2652 et
658 2602 753 2652 movet.
773 2596 874 2662 »Onna
884 2614 967 2651 cornu
