2067 3067
212 147 263 204 292
477 151 533 200 DE
569 151 690 200 ARTE

213 253 347 324 fingentur
356 247 464 323 species,
475 260 505 307 ut
518 271 566 308 nec
573 271 620 326 pes
629 270 677 308 nee
686 258 765 324 caput
775 251 825 307 uni

213 327 336 382 reddatur
346 326 454 382 formae.
493 329 657 383 »Pictonibus
666 329 835 400 atquepoetis

159 416 186 460 it
213 402 362 475 »quidlibet
372 402 486 457 audendi
496 420 600 475 semper
612 402 663 457 fuit
672 419 754 474 aequa
764 409 911 474 potestas«

213 478 327 544 Scimus,
344 485 369 533 et
377 478 446 532 hane
456 479 561 534 veniam
570 479 740 550 petimusque
756 478 910 550 damusque
924 479 969 536 vi·

728 570 854 618 cassim„

215 627 263 686 sed
275 645 328 684 non
338 635 368 683 ut
376 626 488 699 placidis
498 634 589 684 eoeant
597 627 719 692 immitia,
734 645 787 682 non
797 635 828 682 ut

214 712 347 776 serpentes
357 703 451 758 avibus
462 703 639 776 geminentur,
649 702 764 776 tigribus
774 702 847 776 agni.

215 779 327 850 Inceptis
336 778 463 852 gravibus
472 777 630 850 plerumque
638 785 664 832 et
672 794 769 851 magna
778 775 904 848 professis

160 865 186 908 15
213 855 374 930 purpureum
387 852 436 907 late
445 853 493 925 qui
502 853 646 925 splendeat,
660 855 733 907 unus
741 860 767 906 et
776 852 848 917 alter,

216 928 336 984 adsuitur
344 945 459 999 pannus,
471 945 558 1000 quum
567 926 644 983 iueus
654 934 679 981 et
689 945 733 981 ara
742 927 839 981 Dianae

216 1011 241 1057 et
249 1002 411 1075 properantis
420 1019 504 1074 aquae
512 997 560 1074 per
569 1019 692 1057 amoenos
701 1001 817 1056 ambitus
825 1018 913 1074 agros,

215 1085 261 1132 aut
272 1077 371 1133 flumen
381 1077 504 1132 Rhenum
516 1084 562 1132 aut
569 1077 679 1148 pluvius
690 1076 846 1132 describitur
859 1094 948 1132 arcus.

215 1151 349 1206 Sednunc
357 1158 473 1216 nouerat
481 1152 616 1214 hisdecus.
644 1151 680 1206 Et
688 1149 796 1206 fortasse
804 1168 963 1222 (supressum

161 1237 187 1281 2⁰
215 1225 415 1295 scissimuiare3
435 1225 502 1298 quid
511 1227 569 1292 hoo,
581 1227 605 1281 si
614 1225 701 1282 fractis
711 1234 797 1282 enatat
805 1243 900 1296 exspes

215 1301 340 1364 navibus,
351 1316 409 1353 aere
418 1299 478 1354 dato
489 1301 539 1371 qui
547 1299 686 1374 pingitur?
703 1300 837 1372 Amphora
845 1302 932 1372 eoepit
1020 1302 1021 1373 i

215 1374 332 1429 institui:
353 1381 472 1428 currente
481 1381 697 1430 rotaeurureeus
706 1371 787 1430 exiit?
1020 1376 1021 1425 i

215 1449 333 1521 Denique
342 1447 377 1502 eit
385 1447 500 1521 quodvis
512 1449 627 1522 simplex
635 1450 774 1505 dumtaxat
782 1458 808 1504 et
817 1467 914 1505 unum.

253 1523 369 1580 Maxima
378 1541 440 1596 pars
449 1531 548 1591 vatum
558 1531 631 1597 puter
639 1533 665 1580 et
674 1525 783 1581 iuvenes
792 1531 865 1596 patra
873 1524 960 1597 digni,

160 1610 187 1656 25
215 1599 363 1671 decipimur
372 1599 458 1670 speeie
466 1601 540 1654 renti.
578 1599 846 1664 Brevisaseelahoro‚

215 1673 400 1741 obscurusfi03
423 1681 563 1730 sectantem
573 1673 642 1730 levia
651 1674 726 1729 nervi

215 1749 341 1804 deficiunt
350 1750 499 1823 animique3
520 1747 654 1822 pmiessus
730 1748 775 1805 dia
784 1756 883 1822 turget3

215 1824 297 1896 serpit
305 1825 381 1879 humi
391 1832 464 1880 tutus
474 1825 588 1879 nimium
598 1823 655 1878 timi
675 1840 762 1896 usque
772 1823 910 1896 procellae.

215 1897 267 1964 Qui
279 1898 378 1954 variare
388 1900 460 1970 cupit
471 1916 526 1952 rem
537 1898 612 1969 prodi
634 1897 716 1952 'aliter
725 1915 819 1960 unam,

159 1984 186 2028 tu
215 1971 373 2044 delphinum
382 1973 458 2027 silvis
468 1973 597 2045 appingit,
607 1915 732 2027 Rictibus
741 1989 848 2044 aprum.

215 2049 247 2102 ln
258 2047 354 2102 vitium
364 2046 436 2101 ducit
445 2047 538 2118 eulpae
546 2048 619 2120 fuga,
632 2047 656 2102 si
665 2054 734 2102 caret
742 2055 805 2101 arte.

213 2121 358 2177 Aemilium
371 2121 438 2175 eirea
449 2119 544 2175 ludum
554 2119 627 2176 faber
634 2123 707 2178 imus
717 2130 742 2176 at
750 2136 854 2194 ungues

213 2196 343 2267 exprimet
351 2203 377 2248 et
386 2193 478 2249 molles
488 2195 635 2250 imitabitur
643 2214 702 2251 uere
710 2195 828 2267 dapidus,

214 2270 307 2325 infelix
316 2269 402 2342 operis
411 2287 527 2334 summa,
538 2270 602 2342 quia
611 2288 707 2341 ponere
716 2278 800 2344 totum

159 2356 185 2401 85
214 2345 324 2400 neseiat:
346 2345 475 2418 huneego
485 2361 538 2409 me,
552 2345 576 2398 si
587 2344 654 2415 quid
662 2361 818 2415 componere
826 2360 928 2409 eurem,

213 2437 320 2474 nonma
341 2417 529 2483 'sessevelim
543 2435 626 2490 quam
635 2436 717 2490 pravo
725 2419 815 2474 vivere
825 2435 889 2472 naso
906 2451 914 2463 ·

213 2499 319 2563 spectan
338 2509 386 2546 um
396 2493 481 2564 nigris
491 2492 575 2546 emilis
584 2492 715 2563 nigroque
723 2492 828 2560 capiilo.

249 2564 351 2618 Sumite
360 2565 497 2620 materiam
507 2565 610 2627 vestris,
646 2565 807 2630 discubitu,
821 2583 935 2638 aequam

211 2636 325 2701 viribus.
339 2644 365 2692 et
373 2645 473 2694 versate
483 2637 540 2702 diu,
551 2581 694 2709 quidierre
703 2647 831 2705 recusent
