2067 3067
243 121 293 176 aso
475 119 753 169 amsuonnnmt
807 182 813 196 Ι

243 221 373 287 Creditur,
385 237 418 276 ex
428 222 514 276 medio
524 223 639 294 quiores
649 222 764 286 arcessit,
775 220 873 276 hebere

243 296 348 353 sudoris
358 297 510 362 minimum,
523 297 570 351 sed
579 297 658 352 hahet
666 295 799 352 comoedia
811 303 884 351 tanto

190 383 229 428 111
241 371 404 445 plueoneris,
416 379 515 443 quanto
525 372 617 426 veniae
626 372 727 426 minus.
747 370 870 442 Adspice,
880 371 993 426 Plautus

244 463 297 519 quo
307 454 381 518 pacto
390 454 476 518 partes
487 453 583 500 tutetur
592 446 705 501 amantis
716 445 820 516 ephebi,

244 528 275 576 ut
283 522 364 593 petris
374 522 472 586 attenti,
485 520 587 575 lenonis
597 528 627 576 ut
636 519 771 587 insidiosi,

245 603 364 670 quantus
373 596 408 650 sit
417 596 569 650 Dossennus
578 594 703 650 edacibus
713 594 741 648 in
751 594 880 664 parasitis,

245 687 326 742 quam
337 686 390 724 non
400 669 521 724 adstricto
530 676 664 740 percurrat
673 667 773 740 pulpita
786 683 872 722 socco:

190 757 229 799 115
241 745 320 818 gestit
328 745 399 799 enim
414 760 557 798 nummum
571 743 600 798 in
609 743 708 798 loculos
717 741 856 805 demittere,
868 743 993 812 posthoc

244 836 361 883 securus,
374 817 491 873 cadalao
501 816 794 873 rectostetlabulatalo.

244 893 329 960 Quem
339 891 399 946 tulit
408 891 442 946 ad
451 909 557 948 scenam
567 899 674 948 ventoso
683 891 766 965 gloria
775 906 863 954 curru,

245 963 377 1022 altanimat
386 967 472 1022 lentus
482 974 617 1039 spectator,
628 966 738 1022 sedulus
750 961 835 1023 iratae:

244 1043 283 1096 sic
292 1042 357 1108 leve,
374 1042 412 1095 sic
425 1059 538 1114 parvum
551 1049 600 1108 est,
616 1042 736 1098 animum
748 1038 820 1112 quod
828 1037 918 1093 laudis
928 1058 991 1096 ava-

735 1131 795 1170 rum

190 1202 229 1246 180
242 1191 347 1246 subruit
355 1196 401 1244 aut
410 1189 500 1244 reticit.
541 1188 630 1245 Valeat
638 1207 679 1244 ree
689 1189 798 1251 ludicra,
810 1188 832 1241 si
842 1204 886 1241 me

244 1265 332 1335 palma
342 1270 434 1334 negata
443 1280 572 1324 macrum,
584 1262 679 1319 donata
688 1263 787 1318 reducit
795 1255 929 1333 opimium.

244 1339 326 1408 Saepe
335 1338 412 1391 etiam
422 1337 548 1392 audacem
556 1337 631 1411 lugat
639 1339 690 1393 hoc
698 1346 826 1408 terretque
835 1344 951 1406 poetam

243 1411 316 1483 quod
326 1427 435 1467 numero
444 1410 543 1483 plures,
555 1412 650 1466 uirtute
660 1413 790 1470 ethonore
801 1411 927 1474 minores,

242 1487 340 1541 indocti
349 1485 489 1558 stolidique
498 1494 524 1541 et
533 1486 684 1560 depugnare
692 1487 785 1558 parati,

189 1574 228 1616 185
241 1563 264 1617 si
274 1561 404 1616 discordet
413 1579 503 1634 eques,
514 1562 603 1618 media
611 1563 679 1616 inter
688 1562 805 1617 carmina
812 1570 927 1633 poscunt

243 1645 288 1692 aut
298 1654 391 1691 ursum
404 1645 449 1691 aut
463 1637 581 1712 pugiles:
606 1636 650 1691 his
663 1653 725 1691 nam
735 1635 870 1708 plebecula
879 1637 987 1708 gaudet.

244 1714 342 1769 Verum
355 1712 452 1784 equitis
466 1729 574 1785 quoque
586 1711 640 1768 iam
655 1713 779 1785 migravit
792 1711 826 1766 ab
840 1728 903 1766 aure
913 1711 989 1764 volu-

244 1861 331 1915 omnis
340 1860 374 1915 ad
383 1862 493 1916 incertos
503 1862 593 1917 oculos
601 1868 627 1914 ct
635 1860 732 1933 gaudia
742 1878 820 1916 vana.

181 1939 184 1946 “
243 1931 370 2002 Quattuor
379 1944 425 1990 aut
432 1935 523 2007 plures
533 1936 623 1991 aulaea
631 1943 788 2007 premuntur
797 1935 824 1990 in
834 1935 923 1998 horas,

189 2019 228 2064 tto
241 2009 306 2064 dum
316 2009 423 2083 fugiunt
432 2011 552 2082 equitum
562 2010 845 2082 turmae'poditumque
853 2018 986 2077 catervae,

242 2101 305 2140 mox
315 2084 426 2139 trahitur
435 2086 560 2140 manibus
569 2102 663 2158 regum
673 2083 775 2140 fortuna
786 2083 896 2149 retortis,

208 2210 210 2216 .
242 2157 333 2214 esseda
341 2157 472 2222 festinant,
485 2158 592 2229 pilenta,
603 2161 734 2231 petorrita,
747 2177 837 2223 naves,

241 2234 375 2305 captivum
386 2241 502 2305 portatur
511 2234 586 2297 ebur,
597 2234 699 2306 captiva
708 2234 861 2290 Corinthus.

241 2307 269 2362 Si
278 2307 343 2362 foret
357 2309 385 2362 in
395 2309 480 2374 terris,
493 2308 589 2363 rideret
597 2310 767 2375 Democritus,
780 2326 827 2362 seu

187 2393 226 2436 111
239 2380 375 2436 diversum
387 2382 496 2438 confusa
505 2401 591 2456 genam
600 2384 726 2456 panthere
736 2383 835 2441 camelo

240 2456 297 2509 sive
307 2455 411 2526 elephas
421 2457 498 2512 albus
507 2458 584 2530 vulgi
592 2466 751 2512 converteret
759 2474 816 2519 ore;

149 2553 158 2590 ς·
240 2535 365 2598 spectaret
373 2530 503 2601 populum
513 2531 584 2584 ludis
594 2534 717 2584 attentius
730 2532 796 2601 ipsis

148 2609 170 2645 f*
240 2607 270 2656 ut
278 2601 330 2655 sibi
340 2603 599 2678 praebentemlmimo
608 2604 753 2674 spectacula
762 2606 848 2675 plura,
954 2603 961 2616 ¹

815 2826 829 2853 ὃ
