2067 3067
450 366 592 421 ODE
650 363 717 420 Ἡ.

374 474 433 523 nu
473 479 789 524 unucunluu

246 680 371 722 Mercurium
382 680 475 727 invocat,
492 689 515 721 nt
526 682 566 721 sibi
578 682 642 728 nisit,
655 684 726 732 Lyden
740 681 861 720 carminibus
873 683 954 721 demul-

214 744 275 789 centi,
285 743 318 781 cui
326 743 441 782 Danaidum
449 758 523 794 poenes
532 753 551 784 et
556 747 723 796 Hypermestrae
732 744 816 794 virginis
824 744 920 786 vinutem
929 745 954 783 ob
1016 743 1017 760 ¹

213 809 280 846 oeulos
289 807 354 857 pouit.
377 808 517 848 Meinxvu.
894 817 896 820 “

249 897 378 972 Mercuri,
389 905 464 980 (nam
473 913 498 960 te
507 907 599 962 docilis
611 909 735 981 magistro

249 982 332 1035 movit
340 980 474 1052 Amphion
484 981 583 1056 lapides
596 981 723 1056 canendo)

248 1062 339 1126 tuque,
351 1056 461 1120 testudo,
473 1073 593 1111 resonare
604 1065 703 1127 septem

217 1187 223 1199 ⁴
322 1127 416 1182 callida
424 1130 522 1194 nervis,

249 1237 297 1273 nee
306 1219 404 1293 loquax
412 1218 475 1272 olim
485 1236 571 1290 neque
580 1226 661 1292 grate,
674 1227 779 1274 nuncet

249 1294 362 1348 divitum
372 1293 470 1347 mensis
479 1301 505 1346 et
513 1294 597 1348 amica
607 1293 724 1365 templis;

249 1368 292 1420 die
302 1367 401 1431 modos,
414 1367 488 1439 Lyde
498 1369 598 1438 quibus
607 1368 748 1424 obstinatas

324 1441 534 1512 applieeieures5

249 1549 326 1602 quae,
339 1531 409 1587 velut
418 1531 477 1588 letis
486 1550 555 1604 equa
563 1533 640 1587 trime
653 1533 753 1604 eampis

249 1606 317 1660 ludit
326 1606 460 1672 exsultim,
470 1608 616 1678 metuitque
628 1609 709 1681 tangi,

250 1681 401 1752 nuptiarum
410 1698 504 1753 expers
512 1690 537 1736 et
545 1681 632 1739 adhue
639 1689 760 1756 protervo

322 1756 514 1811 crudamarito.

218 1845 289 1901 'Tu
300 1855 371 1918 potes
381 1849 460 1919 tigres
470 1848 630 1919 comitesque
638 1846 720 1902 silvas
814 1879 817 1884 ·
885 1876 890 1880 ·

249 1920 352 1984 ducere,
363 1922 466 1974 etrives
476 1921 571 1976 celeres
580 1922 687 1976 morari.
771 1933 773 1936 ·

250 1993 334 2048 Cessit
343 1995 467 2047 immanis
477 1995 526 2047 tibi
535 1995 679 2048 blandienti

323 2067 416 2120 ianitor
425 2066 509 2131 aulae,

250 2156 390 2225 Cerberus;
411 2157 535 2228 quamvis
545 2155 637 2211 furiale
648 2162 753 2211 eentum

250 2231 372 2285 muniant
381 2248 480 2304 angues
488 2231 641 2302 eaputeius‚
655 2238 735 2304 atque

249 2305 357 2376 spiritus
367 2314 430 2360 teter
439 2307 579 2378 saniesque
588 2312 675 2360 manet

323 2379 507 2454 oretrilingui.

250 2469 320 2534 Quin
330 2478 355 2524 et
363 2471 439 2525 Ixion
449 2472 591 2544 Tityosque
603 2469 680 2527 vultu

251 2543 308 2597 risit
316 2544 412 2613 invitm
434 2545 579 2601 stetiturna
590 2545 711 2618 paullum
