2067 3067
277 163 349 212 LIB.
369 164 391 212 Ι.
420 165 542 213 EPIST.
562 166 620 214 Vll·
770 162 821 217 2l9

75 263 175 331 Quodsi
184 263 280 319 bruma
290 264 364 320 nives
373 263 482 320 Albanis
492 264 577 318 illinet
589 267 668 336 agris,
849 280 875 321 ιο

75 339 109 394 ad
119 356 191 395 mere
200 338 338 394 descendet
347 347 418 396 vates
428 347 499 404 tuus,
512 349 537 394 et
546 339 598 393 sihi
607 348 703 410 parcet,

75 421 275 485 contractusque
285 413 365 488 leget3
385 421 422 478 te,
432 413 518 470 dulcis
529 415 620 478 amice,
633 416 729 472 reviset

75 506 137 544 cum
146 489 282 562 Zephyris,
294 489 318 542 si
328 489 462 553 concedes
475 497 500 543 et
508 488 653 544 hirundine
660 491 800 562 prima

75 566 144 630 Non,
155 582 209 636 quc
222 581 294 618 more
302 581 378 637 pyris
388 581 459 620 vesci
453 563 579 620 Calaber
589 564 662 618 iubet
672 564 776 636 hospes,

74 646 103 694 tu
114 657 157 693 me
164 639 247 694 iecisti
257 638 420 711 locupletem
461 643 478 696 ‘l
488 640 624 706 »Vescere
637 639 723 694 sodes
730 661 742 694 a
849 652 875 694 15

75 716 178 769 triam
188 713 251 768 satis
260 721 328 768 est«
365 713 449 770 tarlt
460 722 489 771 tu
496 722 646 787 quantum
656 733 711 780 vis
727 714 820 770 tollel»

568 790 757 862 trBenigne.r

75 862 195 921 Ί»Νοι]
187 863 273 918 invisa
283 861 348 918 teres
356 866 446 934 pueris
456 862 615 918 munuscula
623 864 724 935 parvis
731 884 744 917 a

75 939 184 996 trTam
194 945 281 992 teneor
290 938 367 1002 donc,
379 954 460 1022 quam
471 956 494 992 si
487 937 621 993 dimittar
630 947 751 994 onustus
760 960 772 992 c

76 1013 154 1068 trUt
172 1011 248 1068 libet:
274 1013 338 1068 haec
357 1013 443 1084 porcis
461 1011 541 1067 hodie
562 1012 721 1069 comedenda
740 1013 821 1068 relin-

76 1160 347 1236 Prodigusetstultus
357 1160 444 1226 donat
495 1179 525 1216 ae
534 1163 634 1234 spernit
643 1170 668 1217 ct
678 1164 746 1218 cdrt
847 1174 874 1216 20

74 1236 138 1298 haec
147 1254 220 1312 seges
233 1239 348 1312 ingratos
358 1237 419 1292 tulit
427 1245 452 1292 et
474 1245 528 1292 aret
536 1238 662 1293 omnibus
675 1239 762 1294 annis

5 1359 6 1362 ,
74 1311 122 1367 Vrr
130 1311 363 1384 bonusetssprens
373 1311 463 1441 ‘hffms
471 1312 508 1368 art
517 1329 574 1368 esse
581 1321 698 1386 paratus

74 1402 123 1441 neo
131 1393 217 1444 tamen
228 1387 338 1462 ignorat
350 1404 397 1460 qui
429 1386 526 1445 distent
534 1405 593 1444 aera
602 1387 713 1461 luprms

74 1461 191 1535 Dignum
200 1462 336 1535 praestabo
344 1478 387 1516 me
396 1463 473 1517 etiam
482 1480 531 1534 pro
539 1462 617 1519 laude
626 1464 760 1518 merentis

73 1535 173 1602 Quodsi
183 1553 225 1592 me
234 1533 309 1590 noles
317 1553 431 1608 usquam
441 1535 581 1601 discedere
593 1537 685 1592 reddes
848 1546 874 1589 25

72 1608 137 1664 forte
147 1608 223 1674 latus,
236 1608 325 1681 nigros
335 1616 446 1682 angusta
456 1607 540 1666 fronte
551 1579 668 1681 capillos,

73 1680 165 1738 reddes
175 1681 252 1738 dulce
260 1681 343 1754 loqui
355 1682 447 1736 reddes
456 1681 541 1738 ridere
550 1682 674 1739 decorum
684 1692 709 1740 et

73 1759 141 1812 inter
150 1759 213 1812 vina
221 1755 313 1830 fugam
324 1755 433 1813 Cinarae
443 1770 558 1810 moerere
566 1765 708 1841 prptervae

72 1833 149 1888 Forte
156 1848 203 1903 per
212 1839 351 1906 angustam
360 1829 447 1886 tenuis
457 1828 605 1885 nitedula
583 1847 679 1885 rimam

6 1923 8 1942 ²
72 1914 187 1980 repserat
199 1926 227 1962 in
236 1923 370 1962 cumeram
380 1902 514 1970 frumenti
526 1912 654 1976 pastaque
662 1924 755 1962 rursus
846 1917 872 1960 30

73 1999 110 2036 ire
119 1979 187 2036 foras
196 1980 274 2054 pleno
283 1979 405 2036 tendebat
413 1996 518 2050 corpore
528 1977 633 2035 frustra

72 2056 122 2112 Cui
133 2054 359 2130 mustelaprccul:
380 2054 487 2120 »Sitris¹
502 2055 549 2120 ait,
560 2053 769 2130 effugereistinc,

72 2149 178 2186 »macra
188 2148 283 2187 cavum
293 2137 391 2202 repetes
402 2137 487 2189 artum
491 2147 585 2203 ,quem
595 2148 682 2187 macra
692 2129 798 2185 subisti
805 2150 818 2184 r

72 2207 183 2279 Hacegc
192 2225 215 2262 ει
209 2204 383 2278 compellor
375 2221 499 2280 imagine
510 2213 603 2262 cuncta
612 2206 727 2279 resigno

72 2281 126 2335 Nec
135 2298 258 2336 somnum
269 2279 355 2353 plebis
365 2279 452 2346 laudo
464 2288 537 2336 satur
545 2280 668 2347 altilium
681 2297 729 2336 nec
845 2288 871 2334 35

71 2356 123 2410 otia
133 2355 234 2411 divitiis
243 2355 360 2412 Arabum
371 2355 504 2412 liberrima
515 2363 599 2411 muto

71 2429 154 2499 Saepe
164 2430 343 2486 verecundum
353 2429 477 2486 laudasti
472 2447 591 2501 rexque
598 2437 723 2503 paterque

72 2503 168 2558 audisti
181 2521 277 2570 coram,
290 2522 338 2560 nec
349 2505 435 2562 verbe
437 2504 542 2576 parcius
552 2504 660 2560 absens:

6 2641 7 2644 Ἴ
71 2578 181 2649 inspice,
194 2597 217 2633 si
226 2596 336 2652 possum
346 2579 439 2635 donata
449 2596 573 2651 reponere
582 2579 674 2635 laetus

6 2653 8 2668 ¹
72 2652 149 2710 llaud
159 2653 228 2710 male
237 2651 408 2712 Telemachus
410 2653 514 2728 ,proles
526 2654 648 2728 patientis
660 2651 757 2712 Ulixei
843 2661 871 2708 tt
