2067 3067
225 117 258 170 68
498 117 700 166 ΟΒΔΙΗῙΜ

262 218 339 286 Quod
348 219 371 272 si
380 217 510 273 dolentem
521 234 569 271 neo
578 217 711 291 Phrygius
721 218 788 291 lepis

263 311 311 348 nec
318 310 498 365 purpurarum
506 292 592 346 sidere
600 291 693 349 clarior

299 368 396 422 delenit
404 384 480 430 usus,
493 382 542 421 nee
549 365 660 423 Falerna
672 415 674 419 .

336 442 407 506 vitis,
419 440 680 513 Achaemeniumque
688 450 803 510 metumj

170 539 197 587 45
262 549 310 586 eur
320 530 470 585 invidendis
479 531 601 601 postibus
610 539 637 586 et
645 549 714 587 novo

263 604 377 661 sublime
386 606 439 659 ritu
447 604 542 658 moliar
550 605 668 659 atrium?

300 679 424 736 curvalle
432 686 580 751 permutem
589 678 687 734 Sabina

337 752 632 825 divitiasoperosiores‘?

472 949 615 1007 ODE
672 950 723 1005 ΙΙ.

420 1066 483 1109 nn
538 1064 766 1109 rueres.

226 1270 394 1310 commendantur
406 1265 491 1305 uirtutes
504 1278 568 1316 quum
579 1264 664 1303 bemus
675 1272 719 1305 tum
730 1268 828 1313 nonin,
844 1280 895 1318 qum
910 1269 971 1307 bono·

389 1330 489 1381 utilesque
498 1329 552 1367 cives
561 1330 652 1367 reddent.
676 1332 737 1368 Meu.
746 1331 788 1369 XV
788 1333 805 1369 1.

261 1422 417 1501 Angustam
428 1430 509 1481 amine
518 1430 671 1499 pauperiem
683 1431 737 1501 peti

262 1504 387 1559 robustus
396 1502 449 1556 aeri
459 1500 553 1556 militia
566 1519 632 1573 puer

299 1577 441 1641 condiscat,
452 1583 477 1630 et
485 1576 594 1631 Parthos
603 1576 701 1631 ferenes

337 1657 414 1707 vexet
422 1667 503 1722 eques
513 1651 671 1706 metuendus
679 1651 761 1714 hasta,

262 1740 681 1815 vitemquesubdivoettrepidis
724 1752 751 1795 at

261 1819 387 1889 inrebus.
426 1815 698 1873 lllumexmoenibns
728 1815 816 1871 ostieis

298 1899 414 1947 matrona
424 1890 547 1945 bellantis
556 1893 663 1963 tyranni

335 1965 495 2037 prospiciens
504 1972 529 2018 et
539 1964 628 2019 adulte
641 1966 724 2036 virge,

262 2056 387 2125 suspiret:
409 2053 489 2107 eheu!
510 2069 544 2107 ne
554 2054 629 2106 rudis
638 2054 777 2125 agminum

261 2145 374 2198 sponsus
385 2126 492 2179 laeessut
501 2127 591 2199 regius
604 2142 726 2196 asperum

298 2208 367 2253 motu
375 2199 487 2263 leonem,
499 2214 580 2269 quem
593 2207 701 2254 cruenta

335 2290 381 2343 per
391 2272 490 2327 medias
500 2274 569 2343 repit
579 2274 618 2327 ira
627 2273 727 2327 caules.

261 2363 340 2418 Dnloe
350 2364 506 2418 etdeeorum
515 2370 555 2417 est
562 2380 611 2434 pro
620 2364 702 2434 patria
712 2363 790 2417 meri.

210 2470 213 2477 ·
260 2440 330 2495 Mors
339 2446 364 2491 et
373 2436 492 2511 fugacem
502 2435 669 2507 persequitur
677 2439 776 2501 virum,

170 2523 194 2564 15
299 2528 346 2566 neu
356 2513 438 2582 percit
447 2511 561 2565 imbellis
572 2512 692 2566 iuventae

334 2585 478 2659 poplitibus
488 2584 634 2657 timidoque
644 2591 726 2659 tergo.
