2067 3067
255 158 327 203 urs.
347 159 369 204 1.
397 159 521 225 uersu.
541 159 624 207 xvu.
764 154 815 208 267

70 254 143 312 nulla
155 255 220 310 tides
229 255 334 310 damnis
343 257 467 330 verisque
476 256 614 312 doloribus
622 259 702 315 adsit.

70 333 123 386 Nee
132 329 212 384 semel
223 331 318 385 irrisus
327 331 413 386 triviis
424 332 539 386 attollere
547 340 622 386 curat

70 405 148 460 fracto
158 422 234 460 crure
243 404 367 476 planum3
390 406 498 460 lioetilll
508 407 722 478 plurimamtnet

71 480 186 546 lacrima,
198 497 245 552 per
253 487 373 536 sanatum
383 481 485 536 iuratus
493 483 565 540 dieat
573 482 687 538 Osirim:
843 495 869 539 tt

71 555 199 621 »Credite
211 572 265 610 uon
275 555 351 624 ludo;
372 556 500 622 crudeles,
515 557 598 612 tollite
606 556 766 612 claudumlr

71 630 188 697 »Quaere
199 631 400 704 peregrinum«
411 632 507 687 vicinia
517 649 596 688 rauoa
605 631 737 688 redamat.

181 847 502 906 EPISTOLA
549 849 702 905 XVIII.

302 981 354 1025 uo
384 981 585 1038 uouuluu.

103 1207 131 1246 Et
143 1207 178 1244 hic
192 1218 270 1256 quoque
284 1205 308 1243 do
318 1207 384 1244 eadem
394 1218 415 1243 re
424 1213 530 1256 praecepta
538 1206 624 1251 dantur,
638 1207 663 1245 de
672 1220 712 1257 qua
724 1207 746 1246 in
756 1221 815 1258 rupe-

362 1268 416 1308 riore
429 1267 521 1318 epistola.

109 1378 143 1441 Si
152 1386 219 1442 beno
228 1394 252 1441 ts
262 1404 333 1452 novr,
346 1394 456 1454 metues,
468 1387 603 1444 liberrime
614 1388 692 1456 Lolli,

70 1463 214 1517 scurrantis
223 1463 336 1532 speciem
346 1463 477 1534 praebere,
488 1462 624 1535 professus
633 1466 760 1523 amioum.

70 1538 104 1590 Ut
113 1543 231 1590 matrona
240 1537 368 1590 meretrioi
379 1536 469 1606 dispar
478 1539 528 1591 ortt
535 1545 616 1608 atque

70 1609 191 1672 discolor,
203 1609 286 1662 infido
295 1625 400 1663 scurrae
408 1610 516 1664 distabit
525 1613 637 1666 amious.

70 1683 190 1740 Esthuio
198 1682 334 1738 diversum
344 1683 409 1737 vitio
418 1683 514 1738 vitium
524 1701 606 1754 prope
614 1687 711 1754 maius,
860 1700 872 1741 5

70 1759 196 1832 asperitas
205 1757 315 1830 agrestis
323 1764 350 1811 et
358 1757 515 1812 inooueinna
527 1760 680 1830 gravisque,

70 1851 140 1908 quae
149 1849 178 1888 so
186 1830 351 1888 oommoudat
360 1838 435 1886 tonsa
444 1837 512 1896 oute,
523 1831 648 1887 dentibus
658 1836 731 1901 atris,

70 1906 320 1976 dumrultlibertas
329 1906 464 1970 meredioi
474 1909 692 1978 veraquevirtus.

7 2001 8 2004 ’
70 1985 161 2042 virtus
171 1991 210 2039 est
220 1981 338 2038 medium
348 1981 474 2038 vitiorum
485 1982 646 2055 etutrinque
656 1983 803 2040 reductum.

70 2058 151 2125 Alter,
163 2060 191 2115 iu
202 2057 360 2130 obsequium
368 2055 431 2129 plus
440 2073 525 2130 aequo
532 2074 633 2129 pronus
641 2066 667 2113 et
676 2059 724 2114 imi
845 2070 871 2112 lo

70 2135 172 2191 derisor
181 2133 249 2200 leoti,
261 2134 300 2188 sio
308 2139 404 2188 nutum
413 2132 505 2188 divitis
514 2132 610 2200 horret,

69 2211 109 2265 sio
119 2210 193 2265 iterat
202 2225 278 2265 voees
286 2215 312 2262 et
321 2207 401 2264 verbe
410 2208 529 2264 cedentia
537 2208 613 2274 tollit,

69 2293 101 2341 ut
109 2301 223 2357 puerum
232 2299 310 2338 saevo
319 2283 409 2338 eredes
418 2285 513 2340 clienta
522 2284 650 2356 magistro

68 2359 185 2425 reddere,
198 2359 239 2415 vel
249 2365 335 2430 partes
345 2359 458 2414 mimum
468 2366 577 2413 tractare
588 2357 729 2427 secundas3

69 2432 575 2504 alterrixeturdelanasaepeoaprina,
846 2443 871 2485 15

69 2516 221 2584 propugnat
229 2509 310 2582 nugis
320 2516 450 2577 armatus3
471 2507 602 2573 »Scilicet
614 2515 706 2563 utnon

68 2586 124 2640 »sit
132 2585 200 2638 mihi
210 2585 296 2656 prima
309 2583 383 2649 tides,
395 2588 429 2649 et,
440 2600 502 2639 vere
510 2582 584 2658 quod
592 2583 684 2654 placet,
694 2592 725 2637 ut
735 2601 788 2639 uon

69 2661 181 2716 »acriter
190 2660 306 2726 elatrem,
318 2660 433 2732 pretium
442 2667 512 2715 aetus
521 2658 600 2714 altera
609 2658 724 2714 sordet«
