2067 3067
328 112 476 159 mana
511 112 567 159 111.
787 108 820 161 67
905 87 909 93 ⁴

149 212 287 269 descendat
296 215 324 267 in
335 212 465 283 Campum
477 214 584 285 petitam

187 289 305 344 moribus
316 287 360 340 hic
369 287 514 358 metiorque
526 287 595 342 tama

110 379 261 445 contendat;
284 376 324 430 itti
334 378 411 437 turba
420 377 557 431 clientium

110 456 146 508 sit
155 454 250 506 maior:
272 468 354 523 aequa
366 451 422 523 lege
432 452 571 505 necessitas

149 528 254 581 sortitur
264 526 382 598 insignes
390 534 415 579 et
425 526 505 593 imos3

187 617 265 653 omne
274 616 356 671 capax
366 608 453 653 movet
462 618 529 653 urna
539 616 644 654 nomen.

109 708 253 762 Destrictus
263 708 334 760 ensis
343 708 386 759 cui
396 724 475 777 super
486 707 568 778 impia

109 782 214 836 cervice
220 780 323 851 pendet,
335 798 388 834 non
398 780 499 835 Siculae
508 781 589 850 dapes

148 855 253 909 dulcem
263 853 432 909 elaborabunt
441 871 570 924 saporem,

187 946 239 983 non
249 928 339 982 avium
348 928 513 999 citharaeque
522 932 614 981 cantus

109 1054 236 1091 somnum
246 1035 380 1090 reducent.
418 1034 534 1089 Somnus
543 1033 686 1107 agrestium

110 1111 178 1164 lenis
191 1110 307 1163 virorum
318 1126 370 1162 non
380 1108 495 1163 humiles
505 1109 598 1162 domes

148 1183 247 1237 fastidit
256 1184 461 1255 umbrosamque
469 1184 564 1253 ripam,

186 1274 239 1311 non
248 1258 375 1329 Zephyris
385 1259 479 1329 agitata
489 1258 595 1327 Tempe.

109 1364 304 1419 Desiderantcm
312 1363 385 1434 quud
395 1364 458 1417 satis
467 1372 514 1427 est,
527 1380 613 1434 neque

109 1436 303 1492 tumultuosum
313 1437 434 1493 sollicitat
444 1456 525 1501 mare,

149 1529 197 1566 nec
207 1529 301 1565 saevus
311 1510 414 1565 Arcturi
424 1511 540 1565 cadentis

187 1588 299 1657 impetus
309 1594 355 1639 aut
363 1587 471 1640 orientis
479 1585 573 1639 Hoedi:

109 1710 164 1747 non
174 1692 320 1746 verberatae
329 1694 456 1765 grandine
465 1693 565 1755 vineae,

109 1765 263 1837 fundusque
273 1766 394 1831 mendax,
407 1767 497 1821 arbore
507 1782 579 1819 nunc
588 1780 670 1835 aquus

148 1839 279 1909 culpante,
290 1858 362 1895 nunc
370 1840 492 1894 torrentia
502 1856 578 1910 egres

138 1940 140 1945 ,
186 1912 279 1978 sidera,
292 1932 363 1968 nunc
372 1915 472 1969 hiemes
483 1914 598 1983 iniquas.

110 2022 245 2075 Contracta
254 2020 338 2090 pisces
348 2036 459 2091 aequora
470 2020 586 2073 sentiunt

111 2094 184 2148 iactis
195 2094 221 2145 in
233 2093 315 2147 altum
324 2093 451 2147 molibus:
473 2093 527 2147 huc
536 2092 660 2165 frequens

147 2174 278 2221 caementa
288 2165 400 2220 demittit
410 2167 537 2221 redemtor

184 2257 246 2294 curn
256 2239 373 2305 famulis,
384 2241 562 2312 dominusque
572 2240 665 2293 terrae'

108 2346 272 2401 fastidiosus:
294 2347 568 2402 sedTimoretitinae

108 2420 239 2478 scandunt
248 2421 347 2485 ecdem,
359 2439 413 2492 quo
425 2420 562 2486 dominus3
585 2433 670 2488 neque

147 2494 247 2549 decedit
256 2503 340 2549 aerata
350 2495 458 2558 triremi,
470 2504 495 2547 et

183 2576 242 2639 post
250 2570 365 2642 equitem
374 2568 454 2634 sedet,
466 2575 521 2623 atra
530 2567 610 2622 Cura.

653 2662 677 2708 Ε
688 2655 705 2707 2
