2067 3067
267 157 339 203 LIB.
358 159 392 204 Π.
420 157 543 203 EPIST.
562 159 585 204 1.
748 152 798 209 277

51 255 180 328 Indignor
189 254 338 328 quidquam
348 256 512 328 reprehendi,
528 273 581 312 non
593 257 658 328 quia
666 275 753 316 masse

51 330 227 402 compositum
236 329 375 401 illepideve
383 338 498 402 putetur,
512 330 560 385 sed
568 331 632 402 quia
641 351 739 405 nuper:

51 423 101 461 nec
114 405 220 461 veniam
233 405 360 478 antiquis,
378 406 426 460 sed
442 406 609 492 bonorumet
620 411 737 478 praemia
749 428 798 482 pc·

110 501 116 518 ‘
546 498 594 536 scr.

51 557 130 610 Recte
139 571 220 610 necne
232 572 338 610 crocum
347 553 476 626 floresque
486 555 651 626 perambulet
658 557 733 612 Attae

50 629 314 699 fubulasidubitem‚
325 629 438 686 clament
445 630 555 701 periisse
566 630 694 703 pudorem
826 646 853 690 tt

51 707 140 761 cuncti
148 723 230 778 paene
239 714 336 779 patres,
348 723 377 762 ea
387 721 473 778 quum
482 706 671 776 reprehendere
680 724 765 774 coner,

51 798 121 854 quaa
129 782 219 855 gravis
228 781 357 854 Aesopus,
369 797 438 853 quae
446 780 540 835 dedus
549 780 659 836 Roscius
668 784 735 854 egit:

50 857 93 912 vel
103 857 168 928 quia
178 856 216 912 nil
225 864 335 922 rectum,
347 856 400 912 nisi
409 854 481 928 quod
490 853 591 926 placuit
598 856 660 921 sibi,
675 856 784 925 ducunt,

50 930 93 987 vel
104 931 169 1003 quia
177 939 254 1003 turpe
262 938 356 1003 putant
365 945 455 1002 parere
464 930 613 985 minoribus
622 938 656 995 et,
668 949 737 1004 quae

51 1005 184 1060 imberbes
193 1005 315 1072 didicere,
325 1023 402 1060 senes
413 1004 547 1077 perdenda
560 1003 642 1059 lateri.
826 1019 852 1063 85

50 1082 107 1135 Iam
118 1079 217 1135 Saliare
225 1082 328 1136 Numae
337 1096 442 1136 cumen
452 1080 500 1152 qui
510 1078 609 1145 laudat,
618 1087 644 1135 et
655 1079 733 1146 illud,

33 1153 125 1228 -qucd
134 1171 239 1210 mecum
249 1155 361 1228 ignorat,
372 1154 446 1210 sclua
455 1154 514 1211 vult
523 1155 590 1209 scire
599 1154 693 1224 videri,

50 1230 166 1304 ingeniis
176 1247 229 1285 nou
240 1230 284 1286 ille
293 1229 363 1288 favet
371 1229 529 1303 plauditque
538 1228 657 1301 sepultis,

51 1313 139 1360 nostra
149 1305 196 1360 sed
205 1305 353 1379 impugnat,
366 1323 414 1362 nos
424 1315 566 1377 nostraque
578 1304 679 1362 lividus
688 1307 753 1363 odit.

50 1379 223 1446 Quodnam
233 1381 321 1437 Graiis
331 1378 647 1445 nontasinviaaluisset‚
722 1420 724 1423 -
824 1393 851 1437 te

50 1472 133 1526 quam
142 1455 228 1521 ncbis,
242 1456 309 1528 quid
318 1473 391 1512 nunc
403 1463 469 1511 esset
478 1462 565 1519 vetus,
581 1462 627 1509 aut
640 1458 707 1528 quid
716 1457 797 1512 babe-

50 1601 124 1673 quud
133 1600 228 1674 legeret
236 1607 380 1673 tereretque
389 1601 525 1666 Quiritum
533 1599 658 1670 publicus
669 1603 754 1658 usus?

51 1677 84 1731 Ut
93 1675 210 1748 primum
219 1675 311 1746 positis
320 1675 416 1747 nugari
429 1675 537 1728 Graecia
546 1673 624 1727 bellis

27 1767 29 1772 ·
51 1751 134 1822 coepit
142 1756 167 1804 et
177 1749 205 1803 in
214 1749 311 1806 vitium
321 1747 424 1803 fortuna
434 1747 516 1802 labier
526 1751 620 1818 aequa,

52 1842 124 1881 nunc
133 1823 289 1880 athletarum
298 1821 394 1878 studiis
404 1839 476 1877 nuuc
485 1822 551 1876 arsit
559 1837 698 1893 equorum,
739 1839 743 1846 ’
823 1838 851 1882 95

13 1929 14 1962 2
52 1899 191 1956 marmoris
204 1903 249 1954 aut
258 1897 344 1953 eboris
354 1896 441 1952 fabros
450 1903 496 1952 aut
505 1894 573 1951 aeris
582 1898 690 1963 amavit,
802 1891 807 1902 '

13 1969 15 2014 l
51 1973 189 2047 suspendit
198 1973 266 2046 pieta
275 1972 381 2030 vultum
391 1978 560 2043 mentemque
568 1970 672 2038 tabella,

14 2063 16 2078 ¹
51 2049 418 2106 nunctibicinibusnuucest
463 2047 521 2102 visa
530 2046 674 2176 uffoedim

14 2125 16 2146 ⁴
51 2126 102 2180 sub
112 2125 212 2181 nutrice
222 2121 311 2196 puella
320 2121 393 2180 velut
400 2123 424 2176 si
444 2121 552 2178 uderat'
583 2140 641 2188 ans,

51 2199 123 2274 quod
133 2199 317 2272 cupidepetiit,
328 2204 430 2253 mature
438 2196 516 2270 plena
527 2196 643 2270 reliquit.
809 2210 850 2254 tau
920 2265 924 2272 .

51 2275 122 2343 Quid
138 2274 222 2347 placet
234 2281 281 2329 aut
296 2272 356 2329 odio
370 2279 421 2339 est,
443 2273 516 2345 quod
529 2270 727 2402 nppspautebila
738 2288 796 2330 eae·

52 2426 104 2478 Hoc
112 2438 188 2494 paoes
198 2422 312 2478 habuere
320 2423 404 2478 bonae
416 2413 543 2494 ventique
553 2421 673 2478 secundi.

51 2500 148 2552 Romae
158 2496 236 2554 dulce
245 2497 292 2554 diu
300 2496 352 2553 fuit
360 2505 385 2553 at
394 2496 520 2563 solamne,
532 2489 634 2553 reclusa

51 2588 128 2628 mane
137 2571 217 2629 άοωο
225 2572 344 2647 vigilare,
356 2572 444 2628 clienti
453 2589 573 2644 promere
582 2572 654 2641 iura3

51 2645 694 2721 aautcsnominibusrectisexpenderenummos3
809 2660 850 2708 ter
