2067 3067
240 143 289 195 300
330 97 331 102 ¹
502 146 558 190 DE
594 141 715 192 ARTE

184 260 224 306 27⁰
238 247 271 302 At
282 246 359 300 vestri
369 246 461 316 proavi
470 245 605 300 Plautinos
615 253 641 298 ct
650 261 773 299 numcrcs
782 251 808 298 et

239 320 380 375 laudavero
389 320 466 385 sales,
478 321 595 374 nimium
604 321 732 391 patienter
740 325 898 391 utrumque,

240 413 272 450 ne
282 395 368 450 dicam
378 394 464 460 stulte,
476 395 578 461 mirati3
599 395 623 453 si
633 393 801 466 modocgoet
811 411 858 449 vos

239 471 338 525 scimus
348 469 510 524 inurbanum
522 468 608 540 lepido
617 471 743 540 seponere
749 468 826 532 dicto,

240 545 442 619 legitimumque
451 561 548 598 sonum
557 543 648 617 digitis
656 541 782 598 callemus
791 551 817 598 et
825 560 900 598 aure.

184 631 224 676 275
274 622 397 692 Ignotum
409 619 522 692 tragicae
530 635 616 691 genus
625 619 758 673 invenisse
767 617 899 672 Camenae

239 695 344 760 dicitur,
356 702 382 748 ct
391 693 517 765 plaustris
529 694 631 748 vexisse
643 700 760 764 poemata
769 693 890 764 Thespis,

238 787 307 841 quae
316 776 438 824 canerent
448 776 606 842 agerentque
614 767 734 839 peruncti
744 762 860 822 faecibus
869 783 929 824 ora.

238 846 299 899 Pcst
308 844 380 899 hunc
389 861 514 915 personas
523 843 660 915 pallaeque
668 849 783 913 repertor
791 842 919 898 honestae

237 917 386 992 Aeschylus
395 926 420 972 et
430 918 540 972 modicis
550 918 671 973 instravit
679 916 782 988 pulpita
793 917 884 990 tignis,

184 1004 223 1046 280
237 1001 262 1048 et
272 993 360 1048 docuit
368 1010 551 1066 magnumque
559 992 633 1065 loqui
642 993 745 1063 nitique
755 991 890 1047 cothurno.

238 1069 367 1122 Successit
378 1076 452 1123 vetus
462 1069 505 1122 his
515 1067 656 1132 comoedia,
669 1084 721 1121 non
731 1068 790 1122 sinc
797 1066 881 1121 multa

239 1142 328 1211 laudc;
351 1143 397 1197 sed
408 1144 435 1198 in
445 1144 542 1198 vitium
552 1141 657 1197 libertas
666 1141 763 1196 excidit
770 1150 796 1197 et
805 1142 860 1197 vim

238 1218 347 1290 dignam
357 1217 492 1290 legeregi:
514 1217 558 1272 lex
566 1225 606 1272 est
614 1225 725 1289 accepta,
736 1218 886 1289 chorusque

238 1292 347 1361 turpiter
356 1292 474 1356 obticuit,
487 1291 591 1346 sublato
600 1293 658 1347 iure
668 1292 788 1346 nocendi.

184 1375 222 1418 285
234 1366 277 1420 Nil
289 1367 442 1419 intentatum
455 1367 537 1420 nostri
547 1365 648 1437 liquore
657 1375 759 1438 poetac;

238 1457 286 1495 nec
295 1439 438 1494 minimum
448 1457 566 1496 meruere
575 1440 664 1507 decus,
676 1441 787 1514 vestigia
796 1441 894 1497 Graeca

238 1515 296 1570 ausi
305 1514 430 1580 deserere,
445 1523 470 1570 et
478 1515 607 1571 celebrare
616 1516 757 1572 domestica
765 1515 839 1581 facta,

237 1589 279 1646 vel
289 1590 336 1661 qui
347 1599 491 1660 praetextas
502 1590 543 1646 vel
552 1592 601 1663 qui
610 1591 721 1646 docuere
731 1599 839 1664 togatas.
868 1660 871 1662 Ὗ

237 1667 291 1719 Nec
302 1665 399 1719 virtute
408 1665 472 1721 foret
481 1666 612 1738 clarisque
619 1667 752 1738 potentius
763 1666 853 1732 armis,

182 1750 221 1793 tau
236 1747 317 1811 quam
328 1738 428 1814 lingua,
440 1743 555 1806 Latium,
567 1742 591 1795 si
601 1759 655 1797 non
664 1741 803 1796 offenderet
814 1758 913 1796 unum-

236 1832 371 1885 quemque
379 1824 514 1888 poetarum
524 1817 604 1872 limae
612 1815 719 1872 laboret
728 1834 811 1871 mora.
851 1817 942 1883 Vos,o

236 1889 383 1960 Pompilius
395 1893 513 1965 sanguis,
526 1909 631 1946 oermcn
641 1891 829 1963 reprehendite,
844 1894 918 1963 quod
929 1914 983 1950 non

237 1963 320 2018 multa
329 1965 385 2019 dics
394 1973 418 2021 et
427 1966 510 2036 multa
521 1965 599 2021 litura
608 1967 729 2033 coercuit,
740 1974 820 2038 atque

235 2038 867 2114 perlectumdeciesncncastig'avitadunguem.

181 2125 220 2168 295
271 2115 411 2186 Ingenium
421 2115 516 2170 misera
526 2116 591 2187 quia
600 2115 757 2172 fortunatius
767 2124 821 2171 arte

236 2187 318 2242 credit
326 2195 352 2242 et
360 2189 475 2244 excludit
485 2207 563 2244 sanos
573 2191 694 2246 Helicone
705 2200 793 2263 poetes

148 2317 150 2321 .
235 2263 406 2329 Democritus,
420 2263 488 2319 bona
498 2281 559 2336 pars
569 2283 622 2320 non
632 2283 736 2340 ungues
745 2283 842 2340 ponere
851 2276 933 2330 c'urat,

237 2355 289 2393 non
299 2338 418 2401 barbam,
430 2349 526 2394 secreta
535 2341 598 2411 petit
608 2340 672 2406 loca,
684 2342 776 2397 balnea
787 2342 860 2396 vitat.

236 2413 405 2468 Nanciscetur
413 2415 483 2469 enim
494 2415 607 2486 pretium
618 2433 768 2488 nomenque
776 2424 873 2486 poetae,

182 2497 221 2539 300
232 2486 258 2540 si
267 2487 353 2540 trihus
362 2487 495 2560 Anticyris
508 2498 586 2559 caput
596 2490 742 2545 insanabile
751 2508 900 2562 numquam

236 2560 334 2612 tonsori
347 2561 438 2615 Licino
448 2563 616 2615 commiserit.
654 2562 736 2634 Oego
746 2564 845 2625 laevus,

235 2633 283 2704 qui
292 2649 392 2706 purgor
401 2634 483 2690 bilem
492 2636 544 2690 sub
554 2636 629 2693 verni
639 2639 763 2709 temporis
771 2639 878 2692 horaml
