2067 3067
283 125 354 172 mn.
374 127 396 170 1.
425 125 548 172 Erisr.
568 129 615 174 tx.
770 125 821 179 253

231 348 669 423 srrsrouarx

171 470 223 514 An
255 467 481 556 chanlitum
510 467 715 514 mulionum

219 705 223 712 .
280 672 400 721 Septimium
408 673 487 711 Neroni
497 675 628 711 commendat.

114 765 272 844 Septimius,
285 771 387 833 Claudi,
400 773 530 827 nimirum
540 773 663 846 iutelligit
672 790 753 838 uuus,

76 848 168 920 quanti
177 865 220 900 me
230 846 319 901 iacias.
359 847 426 900 Nam
437 865 522 918 quum
534 856 607 921 rogat
616 857 641 902 et
648 865 725 921 preoe
734 849 812 922 eogit,

76 923 182 985 seilicet,
194 929 225 975 ut
233 921 282 975 tibi
293 938 321 974 se
331 919 437 975 laudare
447 930 471 975 et
482 922 582 976 tradere
593 939 680 988 ooner,

76 997 190 1071 dignum
200 1003 287 1051 mente
296 995 428 1067 domoque
438 995 547 1068 legentis
557 995 666 1052 honesta
676 998 798 1062 Neronis,

77 1088 187 1126 munere
196 1088 281 1143 quum
293 1067 368 1143 iungi
379 1071 508 1141 propioris
519 1077 606 1125 oenset
614 1072 702 1137 amici,
866 1083 879 1125 5

77 1146 144 1219 quid
153 1145 253 1216 possim
263 1143 334 1200 videt
344 1161 374 1198 ao
382 1145 455 1200 novit
467 1163 508 1200 me
518 1144 623 1200 valdius
635 1147 703 1218 ipso.

5 1251 6 1258 κ
77 1220 159 1276 Multa
170 1218 278 1292 quidem
289 1219 356 1286 dixi,
369 1237 416 1274 our
425 1229 566 1276 excusatus
575 1221 690 1276 abirem:

5 1323 7 1358 r
78 1295 124 1350 sed
135 1295 220 1360 timui,
233 1311 290 1348 mea
300 1312 334 1348 ne
346 1293 455 1350 finxisse
464 1296 567 1351 minora
576 1304 691 1367 putarer,

78 1369 256 1425 dissimulator
266 1369 324 1440 opis
334 1371 462 1441 propriae,
475 1371 543 1426 mihi
553 1369 708 1425 eommodus
717 1370 776 1425 uui.

77 1446 121 1499 Sio
131 1462 188 1518 ego,
200 1443 307 1498 maioris
317 1441 345 1496 iu
366 1444 422 1498 iens
432 1445 572 1516 opprobria
584 1445 686 1517 culpae,
854 1452 880 1495 10

78 1519 171 1574 frontis
180 1519 214 1572 ad
223 1461 473 1572 urbanaedesoendi
482 1519 609 1589 praemia.
649 1517 750 1585 Quodsi

79 1593 228 1662 depositum
239 1589 331 1645 laudas
341 1590 375 1644 ob
385 1591 461 1644 amioi
478 1591 550 1646 iussa
560 1588 697 1662 pudorem,

79 1665 165 1720 scribe
174 1665 213 1720 tui
223 1663 312 1738 gregis
321 1664 403 1728 hunc,
415 1667 440 1718 et
452 1662 544 1720 fortem
556 1665 632 1722 oredo
641 1666 806 1738 bonumque.

211 1833 572 1930 ¹amadeus
615 1868 659 1927 m

198 2009 250 2053 AD
280 2003 454 2054 FUSGUld
482 2004 709 2051 ΔΙῙΙΉῙῙΙ.

376 2117 542 2137 lut—dunum...-

116 2217 243 2255 commendat
253 2213 315 2252 amico
325 2212 453 2252 amoenitates
463 2214 516 2254 ruris
525 2213 628 2266 animique
635 2214 811 2266 tranquillius-n.

120 2305 208 2370 Urbis
217 2321 358 2370 amatorem
368 2315 486 2373 Fuscum
496 2314 598 2371 salvere
609 2314 733 2373 iubemus

83 2390 154 2445 ruris
164 2396 299 2457 amatores,
312 2391 362 2446 hau
371 2391 399 2447 in
409 2407 438 2446 re
447 2391 545 2446 scilieet
553 2407 607 2446 una

83 2464 199 2520 multum
208 2464 360 2532 dissimiles,
372 2474 398 2522 at
407 2473 505 2522 caetera
514 2482 597 2539 paene
605 2464 721 2540 gemelli,

84 2540 205 2595 fraternis
215 2541 321 2607 animis,
332 2541 466 2614 quidquid
476 2549 554 2615 negat
563 2541 636 2607 alter,
646 2549 672 2596 et
681 2541 753 2610 alter,

84 2615 229 2673 annuimus
239 2617 335 2689 pariter
343 2617 426 2676 vetuli
436 2616 680 2692 notiqueoolumbi.
872 2626 886 2670 5
