2067 3067
223 121 274 176 222
473 123 717 172 aurumve!

224 224 336 297 inquiet,
348 231 395 280 »ut
404 225 521 297 patiens,
533 232 563 280 ut
571 224 664 280 amicis
675 231 766 297 uptiis,
778 232 808 279 ut
817 224 912 280 aceri«

223 298 315 353 Plures
326 299 463 355 adnabunt
471 300 580 366 thunni,
592 308 618 355 55
626 300 720 355 cetaria
730 307 856 355 crescent.

169 379 196 428 55
228 373 256 429 Si
267 374 310 429 cui
320 383 450 445 praeterea
460 374 566 431 validus
575 374 644 430 male
653 374 725 430 fiiius
736 376 762 428 in
774 393 802 429 re

224 448 357 521 praeclara
368 450 488 504 sublatus
498 449 596 518 aletur;
618 450 831 505 nemaniiaetum

225 523 332 579 caelibis
341 525 500 597 obsequium
512 525 593 580 nudet
602 533 636 590 te,
648 524 740 579 leniter
751 525 780 579 in
790 541 865 596 spem

225 599 320 672 adrepe
328 600 470 665 officiosus,
482 608 512 655 ut
521 608 547 654 et
556 601 670 654 scribare
678 599 811 654 secundus

224 675 309 740 heres,
320 683 353 740 et,
366 675 389 728 si
400 676 462 747 quis
472 692 550 730 casus
559 693 673 747 puerum
683 676 764 748 egerit
772 674 847 738 Orco,

170 760 196 803 55
223 751 252 805 in
263 768 377 805 vacuum
390 750 495 806 venias:
516 768 621 822 perraro
633 750 698 804 haec
707 748 762 804 alea
772 748 848 803 fallit.

225 824 278 893 Qui
287 832 470 881 testamentum
479 825 563 881 tradet
571 826 620 881 tihi
633 842 749 897 cumque
762 823 914 897 legendum,

225 900 341 955 abnuere
353 910 378 955 et
387 901 490 957 tabulas
500 920 515 955 a
525 909 550 955 te
559 918 692 955 removere
702 907 841 963 memento,

225 976 264 1030 sic
272 982 358 1031 tamen
369 983 398 1029 ut
408 975 480 1031 limis
490 977 586 1050 rapias,
598 976 665 1049 quid
674 976 760 1048 prima
769 973 884 1028 secundo

224 1067 282 1105 cera
293 1051 355 1107 velit
365 1070 458 1120 versu,
480 1051 553 1106 solus
562 1051 688 1107 multisne
697 1050 811 1114 wheres,

171 1134 196 1178 55
225 1125 307 1181 veloci
317 1143 439 1198 percurre
448 1126 533 1181 oculo.
573 1126 732 1198 Plerumque
742 1131 857 1179 recoctus

225 1201 310 1255 scriba
322 1218 355 1256 ex
366 1201 545 1285 quinqueviro
555 1217 665 1255 corvum
674 1199 779 1255 deludet
788 1199 915 1266 hiantem,

225 1283 392 1346 captatorque
402 1274 508 1328 dabit
487 1292 558 1329 rrsus
568 1276 661 1330 Nasica
671 1275 782 1331 Corano.

227 1518 275 1553 rra.
287 1498 309 1554 O
321 1497 462 1565 Laertiade,
479 1499 614 1572 quidquid
627 1499 723 1567 dicam,
736 1508 781 1555 aut
790 1500 839 1554 erit
848 1507 893 1555 aut
902 1517 971 1556 non:

170 1583 196 1625 60
225 1574 344 1629 divinare
353 1574 447 1628 etenim
458 1592 573 1648 magnus
584 1576 651 1630 mihi
661 1576 741 1631 donat
751 1573 853 1647 Apollo.

185 1658 191 1665 “
224 1668 289 1705 unrx.
302 1648 373 1715 Quid
382 1656 468 1704 tamen
480 1651 529 1705 ista
542 1651 606 1707 velit
617 1652 671 1705 sibi
684 1649 783 1716 fabula,
796 1649 896 1716 silicet,
911 1650 969 1705 ede.

225 1744 274 1779 arn.
290 1726 430 1797 Tempore,
451 1744 505 1798 quc
519 1726 625 1782 iuvenis
639 1726 742 1780 Parthis
758 1725 918 1791 horrendus,
938 1725 971 1779 ab

718 1800 770 1856 alte

225 1873 378 1929 demissum
376 1894 464 1949 genus
474 1875 570 1941 Aenea
583 1874 675 1929 tellure
684 1876 805 1948 marique

225 1967 339 2025 magnus
352 1953 409 2015 erit,
420 1950 480 2005 forti
493 1951 573 2005 nubet
581 1966 687 2022 procera
699 1950 800 2006 Corano

170 2034 195 2077 55
225 2024 406 2079 filiaNasicae
418 2026 558 2080 metuentis
570 2025 678 2080 reddere
687 2025 802 2079 eoldum.

225 2101 293 2153 Tum
304 2116 383 2173 gener
393 2101 443 2154 hoc
452 2100 541 2154 faciet
562 2099 665 2154 tabulas
674 2118 761 2156 secero
770 2100 843 2155 dabit
852 2107 939 2173 atque

225 2175 339 2260 utlagat,
352 2175 445 2229 orabit.
485 2174 599 2229 Multum
608 2175 702 2230 Nasica
715 2183 821 2249 negatas

227 2250 335 2321 acciplet
344 2249 460 2314 tandem
475 2256 499 2303 et
508 2249 603 2303 acrius
613 2248 689 2323 leget
704 2251 872 2322 invenietque

225 2324 263 2379 nii
274 2324 325 2377 sibi
337 2324 460 2397 legatum,
475 2332 576 2396 praeter
585 2324 696 2395 plorare
712 2327 832 2397 suisque

171 2409 198 2452 55
225 2398 297 2452 Illud
307 2399 413 2454 adhaec
423 2401 513 2455 rubeo.
536 2398 837 2455 muliersiiartedolusa

224 2471 367 2528 liberiusve
377 2492 466 2529 senem
475 2475 590 2529 delirum
598 2482 730 2545 temperet,
743 2474 797 2527 iliis

226 2546 332 2600 accedas
342 2550 443 2615 socius;
462 2549 562 2614 laudes,
576 2548 691 2603 lauderis
701 2557 731 2601 ut
739 2550 844 2604 absens.

226 2618 343 2677 Adiuvat
350 2624 400 2683 hoc
410 2640 526 2698 quaqua,
541 2623 588 2680 scd
598 2623 680 2682 vincit
689 2621 766 2697 longe
778 2622 864 2696 prius,
881 2624 967 2697 ipsum
