2067 3067
293 160 365 209 LIB.
384 162 406 208 1.
435 163 558 213 EPIST.
578 166 623 213 Vl.
782 161 833 219 247

14 229 19 326 l
86 256 225 330 Quidquid
237 263 288 317 sub
299 270 365 318 terra
378 271 425 331 est,
438 266 466 320 in
476 267 596 338 apricum
604 265 716 337 proferet
725 276 804 336 aetas,

88 333 199 389 defodiet
208 337 353 410 condetque
362 340 481 396 nitentia.
520 340 610 407 Quum
619 341 787 398 benenotum
861 355 887 399 25

13 431 14 434 ¹
87 409 202 480 porticus
207 411 344 486 ¹Agrippae
357 421 382 468 et
392 416 435 469 via
445 423 469 470 te
478 416 643 487 conspexerit
651 415 730 488 Appi,

12 489 14 544 i
88 485 127 538 ire
136 490 221 541 tamen
232 495 318 553 restet,
330 490 417 544 Numa
427 508 480 562 quo
489 490 595 547 devenit
604 497 629 543 et
638 489 738 546 Ancus.

88 557 116 612 Si
127 557 195 613 latus
203 569 248 616 aut
258 580 332 630 renes
342 564 434 620 morbo
445 571 576 621 tentantur
586 573 670 630 acuto,

11 639 12 648 ³
87 650 183 706 quaere
191 633 282 710 fugam
292 639 387 694 morbi.
426 641 473 696 Vis
482 649 550 696 recte
559 638 782 712 viveret—quis

9 747 12 762 s
578 712 695 770 non?—

9 785 10 802 ³
88 788 112 842 si
122 787 207 844 virtus
217 787 268 842 hcc
276 804 330 842 una
338 795 423 860 potest
432 789 502 855 dare,
514 788 588 844 lortis
597 789 704 844 omissis
860 799 886 842 tc

8 867 9 886 ¹
88 862 195 936 hccage
203 862 313 916 deliciis.
353 863 481 919 Virtutem
492 865 570 919 verba
580 871 666 936 putas,
679 870 710 917 ut

87 935 179 992 lucum
189 936 278 1012 lignei
296 938 374 1002 Cave,
387 954 420 993 ne
429 946 520 1010 portus
529 946 637 1013 occupet
646 937 719 1003 alter,

87 1029 122 1067 ne
131 1012 286 1087 Cibyratica,
302 1029 336 1068 ne
344 1012 458 1086 Bithyna
470 1013 573 1085 negotia
582 1011 689 1084 pordas;

88 1086 161 1142 mille
170 1087 263 1142 talenta
273 1087 453 1153 retundentur,
465 1087 571 1142 totidem
582 1087 670 1151 altera,
682 1103 759 1157 porro
769 1096 794 1140 et

87 1162 161 1216 tertia
170 1161 316 1228 succedent,
327 1170 352 1218 et
361 1179 429 1236 quae
437 1181 499 1236 pars
509 1162 619 1236 quadret
631 1178 765 1216 acervum.
859 1172 884 1215 35

3 1299 6 1320 Ι
87 1235 188 1291 Scilicet
195 1253 304 1294 uxorem
314 1255 375 1292 cum
385 1237 452 1304 dcte,
467 1237 608 1310 fidemque,
620 1236 760 1301 etamicos,

86 1318 111 1366 et
119 1329 212 1386 genus,
224 1319 249 1368 et
257 1312 368 1368 formem
381 1313 471 1387 regine
480 1314 592 1385 pecunia
601 1312 689 1377 donet,

86 1403 116 1441 ac
125 1387 190 1442 bene
200 1388 479 1444 nummatum-decorat
487 1387 599 1444 Suadela
608 1389 760 1458 Venusque.
774 1442 776 1446 .

85 1462 223 1533 Mancipiis
234 1461 348 1534 locuples
358 1469 415 1534 eget
424 1463 490 1517 aeris
501 1463 667 1533 capadocum
675 1455 740 1515 rex?

1 1577 2 1602 q
85 1536 124 1590 Ne
133 1535 214 1588 fueris
223 1535 315 1588 hictu.
355 1535 514 1609 Chlamydee
524 1537 661 1602 Lucullus,
673 1543 703 1590 ut
711 1535 795 1598 aiunt,
857 1541 884 1586 lo

1 1639 2 1654 η
86 1609 110 1660 si
119 1616 206 1678 posset
214 1614 320 1661 centum
332 1625 424 1662 scenae
435 1609 567 1679 praebere,
583 1619 699 1682 rogatus,

1 1677 2 1730 ἔ
86 1685 152 1754 »qui
174 1698 284 1753 possum
302 1681 373 1737 totle
391 1681 440 1736 eit:
470 1689 576 1738 »tamen
594 1692 619 1737 et
637 1699 771 1753 quaeram,
792 1687 826 1745 et,

1 1783 2 1792 ¹
576 1756 649 1826 quod
657 1756 768 1817 habebo,

1 1838 2 1904 l
86 1829 240 1898 »mittamur
259 1835 318 1901 post
326 1827 417 1902 paullo
425 1827 525 1893 scribit,
537 1829 589 1883 eibi
598 1828 681 1883 millia
691 1829 810 1899 quinque

1 1909 2 1930 ¹
87 1903 224 1961 essedomi
234 1903 420 1979 chlamydum
439 1909 550 1975 partem,
563 1902 604 1958 vel
615 1901 714 1956 tolleret
721 1919 822 1956 omnen.

1 1977 15 2032 1'
84 1979 270 2035 Exilisdomue
279 1987 326 2046 est,
338 1979 386 2034 ubi
395 1995 448 2035 non
458 1984 483 2033 et
492 1977 577 2032 multa
586 1982 737 2050 supersunt,
856 1983 882 2028 45

1 2057 2 2122 f
85 2061 110 2108 et
118 2054 257 2110 dominum
267 2053 370 2119 fallunt,
382 2061 407 2108 et
418 2060 529 2124 prosunt
538 2043 653 2108 furibus.
691 2051 761 2124 Ergo

1 2139 2 2172 1
85 2129 108 2183 si
118 2147 159 2184 res
168 2129 223 2185 sola
232 2128 404 2200 potestiacere
413 2136 439 2184 et
447 2146 551 2184 servare
563 2129 677 2192 beatum,

84 2203 134 2258 hoo
142 2205 245 2275 primns
254 2211 354 2276 repetas
363 2203 501 2276 opus,·hoc
509 2212 657 2276 postremus
668 2200 782 2256 omittas.

85 2277 113 2331 Si
123 2277 285 2334 fortunatum
294 2278 392 2351 species
401 2287 427 2334 et
436 2279 518 2352 gratia
527 2285 647 2350 praeut,
881 2340 887 2351 ,

84 2369 231 2407 mercemur
243 2371 359 2420 servum,
374 2353 422 2427 qui
431 2353 510 2408 dictet
519 2353 636 2415 nomina,
647 2349 754 2405 laevum
855 2362 881 2403 50

83 2427 131 2497 qui
141 2425 235 2483 fodicet
244 2427 321 2494 latus,
332 2436 357 2483 et
365 2435 440 2502 cegat
448 2436 520 2482 trans
529 2427 644 2497 pondera
652 2425 771 2480 dextram
815 2477 821 2488 ,

83 2501 226 2574 porrigere.
264 2504 330 2558 »flio
343 2502 458 2558 multum
472 2503 500 2556 in
512 2502 594 2557 Fabia
606 2500 683 2565 valet,
699 2499 744 2555 ille
756 2498 827 2557 Veli-

574 2593 622 2643 na3

82 2651 145 2706 »cui
155 2647 219 2706 libet
228 2650 252 2705 ie
261 2649 343 2706 fasces
352 2651 433 2718 debit,
445 2649 590 2724 eripietque
597 2649 701 2716 curule,-
