2067 3067
211 160 260 214 lssl
354 125 356 136 ⁴
459 167 700 216 SATYRARUM

209 267 331 333 tabescat,
344 283 430 339 neque
439 286 467 323 se
475 270 568 323 maiori
576 270 762 340 pauperiorum

211 342 303 396 turbae
312 351 451 413 comparet,
458 343 531 399 huno
540 352 619 415 atque
628 344 700 398 hunc
707 360 830 414 superare
840 341 953 399 laboret?

210 416 254 471 Sic
263 416 394 472 festinanti
404 436 507 489 semper
517 418 668 489 locupletior
677 419 776 473 obstat:

210 499 249 556 ut,
261 510 346 563 quum
356 494 503 547 camoribus
512 494 608 547 missos
618 494 685 564 rapit
696 493 796 566 ungula
806 511 909 559 currus,

156 576 196 619 115
209 566 288 621 instat
297 568 373 639 equis
382 569 474 643 auriga
484 586 547 623 snos
559 568 733 633 rinoentibus,
748 567 825 622 illum

210 644 377 712 praeteritum
387 650 645 700 temnensextremos
658 643 848 697 intereuntem.
890 650 895 666 ¹

210 717 274 771 Inde
284 718 427 783 silotrum,
438 719 485 790 qui
496 736 525 773 se
534 719 633 774 vixisse
644 718 749 771 beatum

211 790 287 857 dicat,
299 802 324 847 et
333 802 422 849 exacto
431 801 567 849 eontentns
579 801 702 864 tempore,
715 793 768 846 vita

211 867 291 931 cedat,
305 869 343 922 uti
355 870 489 924 convivas
505 877 557 933 tur,
569 868 681 940 reperire
689 884 829 939 queamus.
839 898 876 906 -

158 950 197 993 12⁰
211 943 267 995 lam
276 942 339 997 satis
349 951 395 1007 est,
407 962 440 999 ne
450 961 493 998 me
524 943 618 1014 risprni
628 943 723 996 scrinia
738 941 804 1012 lippi

211 1016 365 1087 oompilasse
375 1026 464 1089 putes:
485 1018 598 1075 verbum
608 1035 660 1072 non
671 1016 786 1087 amplius
798 1016 903 1070 addam.

413 1214 662 1272 SATYRA
707 1216 757 1270 ll.

212 1450 299 1489 Aonnsnt
309 1462 351 1493 eos,
359 1448 394 1499 qui
403 1455 490 1487 extrema
499 1438 588 1500 anaeque
597 1455 702 1494 nectentes,
711 1448 867 1489 mediocritetern
876 1460 954 1485 auream
1033 1464 1034 1497 i

310 1511 365 1562 sequi
375 1512 487 1561 negligant,
497 1512 518 1551 iu
528 1509 628 1551 moribus
635 1512 741 1562 praecipue
750 1511 856 1551 fastidiosi.

248 1605 464 1669 Ambubaiarum
474 1611 591 1686 eollegia,
606 1611 829 1684 pharmacopolae,

212 1688 336 1753 mendici,
347 1689 452 1752 mimae,
464 1687 620 1753 balatrones,
632 1687 682 1743 hoc
690 1706 775 1760 genus
784 1703 862 1740 omne

212 1771 341 1817 moestum
351 1780 382 1817 ao
390 1762 532 1822 sollicitum
540 1772 579 1818 est
588 1764 699 1817 cantoris
712 1769 794 1816 morte
803 1762 824 1814 T
826 1760 910 1833 igelll3

213 1837 312 1908 quippe
321 1838 453 1911 benignus
463 1846 526 1893 erat.
552 1839 645 1893 Contra
655 1839 707 1901 hio,
720 1854 753 1891 ne
762 1836 889 1907 prodigus
898 1852 956 1889 esse

158 1923 170 1964 5
211 1910 321 1977 dicatur,
333 1922 461 1977 metuens,
474 1914 546 1983 inopi
557 1913 618 1967 dare
629 1911 694 1967 nolit
703 1912 795 1974 amieo,

211 1985 296 2058 frigus
306 2003 360 2057 quo
369 1986 517 2057 duramque
527 1985 623 2039 samem
633 1985 774 2056 propellere
783 1985 874 2055 possit.

212 2060 288 2113 Hunc
297 2061 320 2114 si
329 2060 494 2132 peroonteris‚
507 2060 550 2112 avi
560 2077 607 2114 cur
617 2068 694 2131 atque
703 2060 817 2130 parentis

210 2134 369 2205 praeclaram
380 2134 480 2205 ingrata
489 2134 600 2205 stringat
609 2134 695 2187 malus
705 2134 823 2206 ingluvie
833 2150 898 2196 rem,

211 2209 300 2263 omnia
310 2207 443 2262 oonduotis
452 2224 572 2261 coemens
581 2208 689 2262 obsonia
700 2208 831 2261 nummis:

158 2293 184 2336 10
213 2282 335 2336 sordidus
345 2288 423 2353 atque
433 2280 514 2336 animi
525 2281 597 2352 quod
607 2283 682 2351 parvi
693 2281 757 2335 nolit
765 2281 865 2342 haberi,
930 2299 935 2348 ξ

211 2356 359 2427 respondet.
398 2355 532 2411 Laudatur
541 2356 574 2409 ab
584 2356 635 2419 his,
647 2355 767 2426 culpatur
777 2356 811 2407 ab
820 2354 883 2408 illis.
931 2350 942 2396 ⁸.
974 2416 977 2422 ¹

210 2430 333 2485 Fufidius
343 2448 442 2501 vappae
450 2430 549 2485 lamam
559 2430 632 2483 timet
641 2446 670 2483 ac
679 2428 827 2493 nebulonis,

212 2503 286 2559 dives
296 2504 376 2576 agris,
388 2503 461 2558 divos
470 2505 562 2575 positis
572 2505 599 2558 in
611 2502 713 2557 foenore
722 2505 851 2557 nummis.

212 2578 313 2643 Quinas
323 2578 452 2650 hincapiti
461 2577 592 2632 meroedes
602 2586 712 2643 exsecat,
725 2586 803 2650 atque

158 2662 183 2707 15
211 2658 310 2725 quanto
319 2652 443 2724 perditior
453 2653 568 2729 quisque
576 2660 623 2725 est,
636 2660 706 2709 tanto
715 2653 902 2727 acriusurgou
