2067 3067
216 72 264 127 {70
468 76 709 123 SATYRARUM

216 176 318 231 Stultus
328 184 354 232 et
363 176 500 248 improbus
510 177 554 230 hic
563 193 636 231 amor
644 176 851 249 est‚dignusque
860 195 909 244 nn-

709 252 768 305 tari.

160 337 186 381 25
214 325 303 392 Quum
312 333 356 380 tua
367 326 504 397 pervideas
513 324 597 379 oeulis
607 323 677 381 mala
687 324 775 397 lippus
786 326 911 391 inunctis,

214 418 262 455 eur
272 401 300 455 in
310 402 455 455 amioorum
465 401 537 454 vitiis
547 408 601 455 tam
611 401 696 455 bernis
705 409 821 465 acutum,
859 432 862 439 ·

215 493 297 548 quam
311 484 356 531 aut
369 474 457 547 aquila
471 483 516 529 aut
534 492 642 547 serpens
656 475 834 546 Epidaurius?
861 476 896 531 At
914 478 965 530 tibi

707 557 796 605 eontra

214 625 310 691 evenit,
322 625 459 696 inquirant
467 625 530 679 vitia
540 630 571 678 ut
580 630 625 678 tua
635 641 728 679 rursus
737 632 762 678 et
771 624 820 678 ilii.

214 700 366 755 Iracundior
375 706 416 753 est
423 698 522 771 paullo,
533 699 625 755 minus
633 706 710 771 aptus
719 700 803 754 acutis

160 786 186 828 30
215 776 324 830 naribus
334 774 430 831 horum
440 774 594 841 bominum
615 772 695 829 rideri
707 775 839 845 possitee,
851 774 925 845 quod
1017 830 1018 836 χ

214 850 339 905 rusticius
348 856 423 905 tonso
432 856 492 923 toga
501 847 716 915 defluit,etmale
725 848 802 903 laxus
1016 839 1019 892 i

214 926 242 979 in
252 924 319 997 pede
327 924 429 981 balneus
439 924 537 979 haeret.
575 924 658 980 Atest
666 924 762 989 bonus,
773 932 803 978 ut
815 922 908 978 melior
920 925 963 979 vir

215 1018 268 1055 non
282 998 350 1055 alius
363 1001 522 1072 quisquam:
544 1007 570 1055 nt
583 1000 632 1054 tibi
646 1000 761 1055 amiens:
781 1006 808 1053 at
822 999 961 1071 ingenium
1017 1056 1019 1059 ,

707 1092 736 1128 in
755 1091 802 1128 ens

215 1147 314 1203 inculta
323 1146 384 1201 latet
392 1148 443 1201 hoo
451 1148 502 1201 sub
512 1164 628 1217 empore.
667 1092 919 1220 Derigueteipsum
977 1141 980 1147 ¹

160 1232 185 1276 35
214 1229 330 1286 concute,
343 1239 409 1275 num
418 1238 471 1292 qua
480 1222 530 1275 tibi
540 1221 666 1275 vitiorum
678 1223 802 1277 inseverit
810 1222 874 1277 olim

214 1304 307 1351 natura
317 1296 449 1349 autetiam
459 1295 620 1350 consuetudo
629 1295 712 1366 mala;
733 1315 850 1370 namque
924 1331 932 1345 ·

215 1366 339 1444 negientis
348 1370 448 1424 urenda
458 1369 516 1423 filix
526 1370 672 1425 innascitur
681 1372 762 1444 agris.

214 1444 281 1499 Illue
289 1452 494 1517 praevertemur,
506 1451 647 1500 amatorem
657 1445 730 1516 quod
739 1448 838 1502 amicae

215 1520 302 1591 turpia
312 1518 446 1591 decipiunt
455 1536 562 1575 caecum
571 1520 644 1586 vitia,
656 1522 790 1577 autetiam
801 1523 857 1593 ipsa
866 1522 931 1576 haee

161 1602 187 1649 40
217 1594 356 1663 delectent3
378 1593 460 1650 veluti
470 1594 611 1651 Balbinum
620 1595 739 1671 polypus
750 1597 865 1671 Hagnae.

214 1669 313 1726 Vellem
325 1670 353 1724 in
362 1669 475 1725 amicitia
485 1671 525 1724 sie
533 1688 688 1737 erraremus,
700 1678 725 1725 et
734 1671 778 1724 isti

214 1745 295 1800 errori
305 1762 401 1801 nomen
411 1744 495 1801 virtus
505 1748 635 1817 posuisset
643 1747 794 1801 honesturn.

214 1819 256 1886 At,
267 1828 340 1893 pater
349 1829 379 1877 ut
387 1820 468 1895 gnati,
481 1821 519 1875 sie
527 1840 575 1877 nos
585 1821 712 1876 debemus
722 1820 809 1885 amici,

215 1895 238 1949 si
248 1896 320 1967 quod
329 1896 372 1961 sit,
384 1896 480 1952 vitium
492 1913 545 1951 uon
555 1896 681 1951 fastidire.
719 1895 873 1951 Strabonem

160 1976 185 2023 45
214 1969 327 2041 appellat
336 1970 444 2025 Paetum
453 1978 538 2040 pater:
559 1978 585 2025 et
592 1970 708 2034 Pullum,
721 1970 790 2025 male
800 1986 899 2042 parvus

215 2045 238 2099 si
247 2046 290 2100 eni
302 2044 373 2101 filius
382 2052 435 2113 est;
457 2054 487 2100 ut
496 2046 631 2101 abortivus
640 2044 691 2099 fuit
699 2044 764 2100 olim

214 2120 359 2193 Sisyphus:
380 2120 570 2185 huneVarum
581 2120 697 2175 distortis
706 2120 844 2175 eruribus:
863 2118 939 2173 illum

214 2194 326 2251 balbutit
335 2194 473 2260 Scaurum,
486 2196 576 2266 pravis
585 2194 683 2250 fultum
692 2195 761 2250 male
773 2193 842 2249 talis.

214 2270 321 2325 Parcius
330 2271 375 2325 hio
383 2270 467 2328 vivit?
485 2270 556 2343 frugi
565 2270 675 2324 dicatur.
714 2272 821 2341 Ineptus

160 2356 186 2398 50
214 2352 239 2399 et
248 2345 382 2401 iactantior
391 2346 436 2401 hie
444 2344 534 2418 paullo
542 2343 600 2400 est‘?
610 2346 762 2400 ,eoneinnus
774 2344 866 2399 amieis

213 2418 503 2489 postulatutvideatur.
542 2419 810 2483 Atesttrueulentior‚
826 2427 903 2489 atque
1016 2367 1019 2472 i

214 2492 275 2562 plus
285 2495 461 2565 aequoliber‘?
479 2493 594 2567 simplex
603 2492 729 2565 fortisque
737 2494 873 2548 habeatur.

215 2564 318 2623 Caldior
328 2569 384 2625 est?
403 2588 474 2628 aeres
484 2571 552 2627 inter
561 2575 722 2626 numeretur.
762 2568 870 2640 opinor,

273 2780 279 2797 k
1017 2759 1018 2780 i

285 2817 293 2839 Κ
980 2828 989 2845 χ
1013 2787 1019 3035 h

538 2915 543 2935 Ι
1011 2918 1016 2940 “.

153 3032 214 3034 -.--
240 2844 372 3035 *nn-..R
524 3028 581 3034 A
844 3030 946 3035 --—
