2067 3067
204 136 252 194 162
454 138 692 189 SATYRARUM

202 241 341 299 reticulum
350 242 427 314 panis
437 242 543 297 venales
553 243 620 297 inter
629 248 723 297 onusto

201 318 266 373 forts
276 318 356 373 vehas
367 317 486 382 humero,
499 317 584 372 nihilo
591 317 654 389 plus
663 315 784 386 accipias,
796 334 878 387 quam

202 394 250 466 qui
260 392 298 447 nil
308 394 425 465 portarit.
465 389 830 463 Veldin‚quidreleratintra

148 479 173 522 5⁰
202 476 309 523 naturae
319 468 385 522 fines
395 466 503 531 viventi,
516 466 608 540 iugera
617 473 722 520 oentum
735 484 770 520 an

202 542 275 597 mille
285 542 356 597 aret?
374 541 617 597 {Atsuavaastex
627 558 724 613 magno
734 540 822 595 tollere
831 559 934 597 noerio.

202 624 220 673 t
238 620 307 673 Dum
320 635 353 672 ex
367 633 449 689 parvo
464 615 543 671 nobis
561 615 724 671 tantumdem
742 614 850 671 haurire
867 617 950 671 relin-

694 708 770 762 (lma

203 784 250 821 cur
259 774 304 821 tua
313 765 374 838 plus
385 765 475 826 laudus
485 765 600 819 numeris
608 767 730 838 granaria
740 766 853 821 nostris?

202 850 239 906 ut,
253 843 299 896 tihi
310 842 333 896 si
342 842 376 895 sit
384 858 452 913 opus
461 840 557 912 liquidi
567 858 620 895 non
631 841 746 912 amplius
755 859 823 895 urna

148 926 173 969 55
201 916 242 970 vel
254 917 356 989 cyatho,
367 924 393 970 et
403 916 487 970 dicas:
509 915 647 989 magands
655 915 765 970 llumine
774 916 875 980 malim,

201 1009 282 1063 quam
293 1009 326 1045 ex
335 991 385 1045 hon
393 990 518 1045 fonticulo
525 990 689 1045 tantumdem
700 1008 813 1046 sumere.
852 993 891 1045 Eo
906 992 946 1057 fit,

201 1065 302 1137 plenior
311 1072 341 1120 ut
349 1066 373 1118 si
382 1083 449 1137 quos
459 1064 566 1119 delectet
577 1066 651 1137 oopia
661 1066 738 1129 iusto,

201 1157 263 1193 cum
273 1141 329 1210 ripa
339 1138 419 1193 simul
430 1139 537 1193 avulsos
546 1138 611 1193 ferat
620 1140 732 1194 Aufidus
742 1157 809 1194 aoer.

201 1214 234 1268 lt
243 1214 290 1285 qui
301 1212 394 1267 tantuli
404 1220 469 1285 eget,
481 1221 581 1284 quantu
590 1221 629 1267 est
637 1232 713 1285 opus,
724 1215 748 1268 is
758 1232 844 1286 neque
854 1216 929 1271 limo·

147 1300 172 1343 tu
202 1288 332 1343 turbatam
342 1287 431 1342 haurit
440 1304 552 1360 aquam,
565 1306 650 1360 neque
661 1290 743 1343 vitam
752 1291 848 1344 amittit
857 1292 884 1347 in
895 1310 947 1346 un-

693 1363 745 1422 dis.

200 1443 218 1492 t
230 1436 263 1491 Αι
273 1436 341 1491 bona
350 1453 411 1508 pars
422 1436 571 1503 hominum,
583 1436 688 1509 decepta
698 1439 822 1510 cupidine
832 1439 904 1504 falso,

201 1511 238 1565 nil
250 1512 312 1566 satis
322 1520 369 1576 est,
381 1512 477 1585 inquit,
485 1512 548 1583 quia
559 1513 632 1577 tanti,
640 1520 770 1584 quantum
779 1515 885 1578 habeas,
897 1515 944 1568 sis.

200 1586 300 1651 aQuid
309 1586 388 1641 lanias
399 1587 457 1641 itlit
474 1588 569 1641 lubens
578 1589 704 1644 miserum
714 1606 779 1654 esse,
795 1589 904 1645 libenter

200 1668 330 1732 quatenus
340 1662 367 1716 id
377 1660 450 1717 facit:
472 1669 503 1717 ut
511 1662 622 1734 quidam
635 1673 795 1718 memoratur
803 1663 913 1719 Athenis

146 1746 172 1789 65
200 1735 322 1791 sordidus
332 1738 454 1803 audires,
467 1738 559 1811 populi
569 1746 733 1795 contemnere
744 1756 820 1794 vooes
1029 1785 1030 1796 ,

201 1809 239 1863 sic
249 1810 355 1867 solitus:
376 1813 491 1885 populus
501 1830 544 1867 me
553 1813 688 1876 sibilat,at
696 1814 763 1867 mihi
772 1814 871 1885 plaudo

200 1884 257 1955 ipse
266 1886 346 1951 domi,
359 1888 439 1943 simul
450 1906 480 1942 ao
489 1906 613 1943 nummos
622 1888 781 1959 oontemplor
789 1888 819 1943 in
827 1906 896 1942 arca.

142 1976 145 1987 ¹
200 1960 324 2014 Tantalus
334 1979 349 2014 a
360 1960 439 2015 labris
450 1964 542 2015 sitiens
551 1962 677 2034 fugientia
686 1970 770 2032 captat

200 2030 319 2088 llumina.
359 2032 430 2099 Ouid
439 2034 527 2088 rides?
542 2036 641 2089 Mutato
650 2037 757 2092 nomine
766 2036 799 2090 de
808 2044 833 2090 te
888 2060 892 2068 ¹

122 2116 172 2159 'tt
199 2104 288 2162 fabula
298 2115 427 2161 narratur.
466 2108 822 2181 congestisundiquesnuois
898 2147 901 2158 .

200 2181 327 2236 indormis
337 2181 452 2246 inhians,
465 2188 490 2235 et
499 2190 636 2253 tamquam
647 2200 751 2252 paruere
760 2184 841 2237 sauris
909 2193 913 2204 “

199 2256 308 2327 ungeris,
320 2262 365 2311 aut
373 2256 450 2329 pictis
460 2264 595 2329 tamquam
605 2257 719 2329 gaudem
728 2257 839 2312 tabellis.
932 2269 940 2287 ¹
1021 2290 1029 2305 ·

162 2344 164 2347 ·
198 2330 297 2394 Nescis,
310 2348 363 2401 quo
372 2331 455 2385 valeat
465 2330 610 2387 nummus?
626 2348 706 2402 quem
715 2331 950 2403 praebeatmumt

200 2404 277 2456 Panis
288 2412 398 2470 ematur,
409 2405 477 2470 olus,
490 2406 548 2461 vini
557 2406 700 2461 sextarius:
721 2404 796 2472 adde,
930 2371 936 2444 l

146 2487 171 2529 75
200 2480 262 2546 quls
272 2477 388 2533 humana
398 2480 449 2533 sibi
460 2480 545 2535 doleat
553 2489 645 2540 natura
654 2480 764 2552 negatis.
939 2457 970 2556 *ξ
1024 2443 1029 2551 l

200 2548 241 2603 An
251 2551 360 2621 vigilare
370 2561 440 2607 metu
451 2556 608 2618 exanimem,
620 2562 760 2627 noctnsqoe
768 2556 877 2629 ffiesqua

198 2622 337 2681 formidare
347 2627 430 2683 malus
439 2627 519 2697 furas,
531 2629 661 2697 inoendia,
672 2647 771 2700 servos,
