2067 3067
347 136 494 181 LIBER
530 137 582 186 1v.

125 234 184 291 lnoe
192 236 327 291 Maecenas
336 253 412 290 meus
422 235 557 291 affluentes

199 311 301 365 ordinat
310 329 403 366 annos.

123 400 278 472 Telephum,
290 419 370 474 quem
380 409 409 455 tu
419 401 494 471 petis,
505 403 651 474 ooonpavit‚

123 493 177 529 non
187 484 247 530 tuae
256 479 333 530 sortis
343 478 474 539 iuvenem,
486 475 574 546 puella

123 550 199 604 divm
208 558 233 604 et
242 550 347 615 lasciva,
360 549 481 620 tenetque
489 559 563 623 grata

172 676 175 680 .
198 626 322 696 oompode
333 626 462 679 vinclum.

122 716 145 768 T
145 723 212 769 erret
222 717 361 770 ambustus
371 716 501 769 Phaethon
513 734 605 770 avaras

123 806 193 859 spes,
205 797 230 842 el
238 790 388 860 exemplum
398 807 479 861 grave
487 791 592 859 praebet
601 789 654 844 ales

122 865 247 936 Pegasus,
259 873 390 918 terrenum
399 865 514 934 equitem
524 871 648 936 gravatus

198 937 435 1009 Bellerophontem:

122 1046 226 1099 semper
238 1036 265 1083 ut
275 1037 298 1083 ta
307 1030 387 1102 digna
397 1047 516 1101 sequare,
528 1035 560 1092 et,
572 1028 641 1084 ultra

123 1120 205 1173 quam
216 1103 274 1157 licet
283 1122 386 1173 sperare
396 1103 467 1157 nefas
477 1103 602 1174 putando,

123 1177 254 1248 disparem
265 1179 340 1233 vitm.
379 1178 640 1253 Agoiammoornm

195 1252 258 1305 finis
271 1269 400 1316 amorum,
533 1319 537 1326 ⁸

122 1340 269 1412 (nonenim
279 1344 387 1413 posthac
396 1341 445 1397 alia
458 1342 547 1398 calebo

121 1415 362 1488 leminajoondisoe
371 1417 471 1481 modos,
483 1417 594 1472 amanda
627 1441 629 1446 ·

122 1507 260 1561 vooequos
270 1491 376 1545 reddas:
397 1493 550 1547 minuentur
563 1498 631 1545 atrae

195 1566 405 1620 narminoourae.

311 1777 396 1834 01)
426 1775 452 1829 Ε
510 1773 600 1829 XII.

268 1891 324 1936 an
368 1889 642 1968 vrnornrnn.

376 2004 538 2014 ...a—-

154 2074 212 2113 Veris
221 2075 243 2113 in
253 2077 339 2115 adventu
348 2089 393 2115 enm
402 2079 427 2115 nd
436 2090 456 2114 ee
465 2078 490 2114 ιὰ
499 2077 664 2126 compotationom
672 2075 752 2114 invitat.

378 2143 439 2179 Matr.
449 2141 529 2178 xvlu.

121 2213 180 2276 lam
188 2223 258 2276 veris
267 2223 382 2286 nomime,
394 2241 463 2294 quae
472 2241 543 2277 mare
553 2228 704 2292 temperant,

121 2296 261 2366 impellunt
271 2298 373 2351 animae
383 2297 461 2351 lintea
471 2298 606 2350 Thraciae:

121 2371 174 2425 iam
185 2379 313 2441 neoprata
323 2373 417 2442 rigent,
430 2389 477 2425 neo
486 2370 561 2425 fluvii
571 2375 689 2440 strepunt

193 2445 303 2499 hiberna
314 2446 374 2500 nivo
384 2445 491 2517 turgidi.

121 2534 220 2588 Nidum
230 2537 311 2606 ponit,
323 2537 382 2608 ltyn
393 2534 511 2589 flebiliter
523 2550 639 2606 gemens,

121 2607 213 2664 infelix
223 2611 280 2665 avis
290 2618 315 2664 et
323 2610 460 2681 Cecropiae
468 2611 563 2664 domus
