<?xml version="1.0" encoding="UTF-8"?>
<!DOCTYPE html PUBLIC "-//W3C//DTD XHTML 1.0 Transitional//EN"
    "http://www.w3.org/TR/xhtml1/DTD/xhtml1-transitional.dtd">
<html xmlns="http://www.w3.org/1999/xhtml" xml:lang="en" lang="en">
 <head>
  <title>
</title>
<meta http-equiv="Content-Type" content="text/html;charset=utf-8" />
  <meta name='ocr-system' content='tesseract 3.04.00' />
  <meta name='ocr-capabilities' content='ocr_page ocr_carea ocr_par ocr_line ocrx_word'/>
</head>
<body>
  <div class='ocr_page' id='page_1' title='image "./qhoratiiflaccio01weisgoog_0159.png"; bbox 0 0 2067 3067; ppageno 0'>
   <div class='ocr_carea' id='block_1_1' title="bbox 206 123 675 176">
    <p class='ocr_par' dir='ltr' id='par_1_1' title="bbox 206 123 675 176">
     <span class='ocr_line' id='line_1_1' title="bbox 206 123 675 176; baseline -0.017 -2"><span class='ocrx_word' id='word_1_1' title='bbox 206 123 254 176; x_wconf 69' lang='lat' dir='ltr'>iffi</span> <span class='ocrx_word' id='word_1_2' title='bbox 475 123 675 169; x_wconf 89' lang='lat' dir='ltr'>EPODON</span> 
     </span>
    </p>
   </div>
   <div class='ocr_carea' id='block_1_2' title="bbox 113 219 755 1118">
    <p class='ocr_par' dir='ltr' id='par_1_2' title="bbox 113 219 755 1118">
     <span class='ocr_line' id='line_1_2' title="bbox 241 219 755 299; baseline -0.016 -19"><span class='ocrx_word' id='word_1_3' title='bbox 241 245 327 299; x_wconf 90' lang='lat' dir='ltr'>quum</span> <span class='ocrx_word' id='word_1_4' title='bbox 337 224 421 280; x_wconf 83' lang='lat' dir='ltr'>Pallas</span> <span class='ocrx_word' id='word_1_5' title='bbox 432 231 490 278; x_wconf 84' lang='lat' dir='ltr'>uste</span> <span class='ocrx_word' id='word_1_6' title='bbox 500 223 578 278; x_wconf 85' lang='lat' dir='ltr'>vertit</span> <span class='ocrx_word' id='word_1_7' title='bbox 587 223 652 275; x_wconf 81' lang='lat' dir='ltr'>irem</span> <span class='ocrx_word' id='word_1_8' title='bbox 663 221 696 274; x_wconf 83' lang='lat' dir='ltr'>ab</span> <span class='ocrx_word' id='word_1_9' title='bbox 707 219 755 274; x_wconf 89' lang='lat' dir='ltr'>llio</span> 
     </span>
     <span class='ocr_line' id='line_1_3' title="bbox 147 299 627 373; baseline -0.008 -19"><span class='ocrx_word' id='word_1_10' title='bbox 147 371 150 373; x_wconf 13' lang='grc' dir='ltr'><em>Β</em></span> <span class='ocrx_word' id='word_1_11' title='bbox 279 302 308 354; x_wconf 91' lang='lat' dir='ltr'>in</span> <span class='ocrx_word' id='word_1_12' title='bbox 319 301 428 370; x_wconf 83' lang='lat' dir='ltr'>impiam</span> <span class='ocrx_word' id='word_1_13' title='bbox 438 299 525 352; x_wconf 84' lang='lat' dir='ltr'>Aiacis</span> <span class='ocrx_word' id='word_1_14' title='bbox 535 305 627 351; x_wconf 81' lang='lat' dir='ltr'>ratem.</span> 
     </span>
     <span class='ocr_line' id='line_1_4' title="bbox 152 371 748 445; baseline -0.012 -15"><span class='ocrx_word' id='word_1_15' title='bbox 152 389 177 430; x_wconf 80' lang='lat'>15</span> <span class='ocrx_word' id='word_1_16' title='bbox 243 376 266 430; x_wconf 91' lang='lat'>0</span> <span class='ocrx_word' id='word_1_17' title='bbox 276 383 392 445; x_wconf 84' lang='lat' dir='ltr'>quantus</span> <span class='ocrx_word' id='word_1_18' title='bbox 401 375 481 427; x_wconf 82' lang='lat' dir='ltr'>instat</span> <span class='ocrx_word' id='word_1_19' title='bbox 490 373 586 426; x_wconf 83' lang='lat' dir='ltr'>navitis</span> <span class='ocrx_word' id='word_1_20' title='bbox 597 371 676 426; x_wconf 88' lang='lat' dir='ltr'>sudor</span> <span class='ocrx_word' id='word_1_21' title='bbox 687 371 748 432; x_wconf 85' lang='lat' dir='ltr'>tuis,</span> 
     </span>
     <span class='ocr_line' id='line_1_5' title="bbox 281 447 578 520; baseline -0.01 -18"><span class='ocrx_word' id='word_1_22' title='bbox 281 449 382 520; x_wconf 90' lang='lat' dir='ltr'>tibique</span> <span class='ocrx_word' id='word_1_23' title='bbox 391 448 473 518; x_wconf 83' lang='lat' dir='ltr'>pellor</span> <span class='ocrx_word' id='word_1_24' title='bbox 483 447 578 511; x_wconf 81' lang='lat' dir='ltr'>luteus,</span> 
     </span>
     <span class='ocr_line' id='line_1_6' title="bbox 243 520 604 584; baseline -0.008 -7"><span class='ocrx_word' id='word_1_25' title='bbox 243 532 268 578; x_wconf 90' lang='lat' dir='ltr'>et</span> <span class='ocrx_word' id='word_1_26' title='bbox 278 523 321 576; x_wconf 83' lang='lat' dir='ltr'>illu</span> <span class='ocrx_word' id='word_1_27' title='bbox 331 541 383 577; x_wconf 91' lang='lat' dir='ltr'>non</span> <span class='ocrx_word' id='word_1_28' title='bbox 395 522 480 576; x_wconf 91' lang='lat' dir='ltr'>virilis</span> <span class='ocrx_word' id='word_1_29' title='bbox 490 520 604 584; x_wconf 82' lang='lat' dir='ltr'>eiulati0,</span> 
     </span>
     <span class='ocr_line' id='line_1_7' title="bbox 280 595 687 669; baseline -0.012 -18"><span class='ocrx_word' id='word_1_30' title='bbox 280 615 369 669; x_wconf 83' lang='lat' dir='ltr'><strong>preces</strong></span> <span class='ocrx_word' id='word_1_31' title='bbox 378 605 535 650; x_wconf 79' lang='lat' dir='ltr'>eteversum</span> <span class='ocrx_word' id='word_1_32' title='bbox 548 595 581 648; x_wconf 85' lang='lat' dir='ltr'>ad</span> <span class='ocrx_word' id='word_1_33' title='bbox 592 596 687 657; x_wconf 87' lang='lat' dir='ltr'>lovem,</span> 
     </span>
     <span class='ocr_line' id='line_1_8' title="bbox 243 668 740 742; baseline -0.016 -15"><span class='ocrx_word' id='word_1_34' title='bbox 243 674 333 727; x_wconf 87' lang='lat' dir='ltr'>Ionius</span> <span class='ocrx_word' id='word_1_35' title='bbox 343 671 396 726; x_wconf 88' lang='lat' dir='ltr'>udo</span> <span class='ocrx_word' id='word_1_36' title='bbox 405 688 490 742; x_wconf 90' lang='lat' dir='ltr'>quum</span> <span class='ocrx_word' id='word_1_37' title='bbox 501 670 652 739; x_wconf 79' lang='lat' dir='ltr'>remugiens</span> <span class='ocrx_word' id='word_1_38' title='bbox 665 668 740 720; x_wconf 88' lang='lat' dir='ltr'>sinus</span> 
     </span>
     <span class='ocr_line' id='line_1_9' title="bbox 113 744 595 819; baseline -0.017 -16"><span class='ocrx_word' id='word_1_39' title='bbox 113 814 117 819; x_wconf 28' lang='lat'><em>⁴</em></span> <span class='ocrx_word' id='word_1_40' title='bbox 152 759 179 803; x_wconf 81' lang='lat'>20</span> <span class='ocrx_word' id='word_1_41' title='bbox 281 750 346 801; x_wconf 90' lang='lat' dir='ltr'>Noto</span> <span class='ocrx_word' id='word_1_42' title='bbox 355 746 470 800; x_wconf 84' lang='lat' dir='ltr'>carinam</span> <span class='ocrx_word' id='word_1_43' title='bbox 484 744 595 814; x_wconf 89' lang='lat' dir='ltr'>ruperitl</span> 
     </span>
     <span class='ocr_line' id='line_1_10' title="bbox 247 814 739 894; baseline -0.014 -18"><span class='ocrx_word' id='word_1_44' title='bbox 247 822 341 894; x_wconf 83' lang='lat' dir='ltr'><strong>Opima</strong></span> <span class='ocrx_word' id='word_1_45' title='bbox 352 820 447 893; x_wconf 85' lang='lat' dir='ltr'>quodsi</span> <span class='ocrx_word' id='word_1_46' title='bbox 457 819 552 890; x_wconf 82' lang='lat' dir='ltr'>praeda</span> <span class='ocrx_word' id='word_1_47' title='bbox 562 834 643 871; x_wconf 84' lang='lat' dir='ltr'>curvo</span> <span class='ocrx_word' id='word_1_48' title='bbox 656 814 739 870; x_wconf 86' lang='lat' dir='ltr'>littore</span> 
     </span>
     <span class='ocr_line' id='line_1_11' title="bbox 283 893 633 967; baseline -0.014 -18"><span class='ocrx_word' id='word_1_49' title='bbox 283 907 398 967; x_wconf 77' lang='lat' dir='ltr'>porrecte</span> <span class='ocrx_word' id='word_1_50' title='bbox 407 913 511 967; x_wconf 83' lang='lat' dir='ltr'>mergos</span> <span class='ocrx_word' id='word_1_51' title='bbox 521 893 633 959; x_wconf 78' lang='lat' dir='ltr'>iuveris3</span> 
     </span>
     <span class='ocr_line' id='line_1_12' title="bbox 246 967 683 1037; baseline -0.011 -13"><span class='ocrx_word' id='word_1_52' title='bbox 246 971 405 1025; x_wconf 89' lang='lat' dir='ltr'>libidinosus</span> <span class='ocrx_word' id='word_1_53' title='bbox 415 967 595 1022; x_wconf 80' lang='lat' dir='ltr'>immolabitur</span> <span class='ocrx_word' id='word_1_54' title='bbox 607 982 683 1037; x_wconf 83' lang='lat' dir='ltr'>cuper</span> 
     </span>
     <span class='ocr_line' id='line_1_13' title="bbox 283 1043 610 1118; baseline -0.015 -19"><span class='ocrx_word' id='word_1_55' title='bbox 283 1053 308 1098; x_wconf 93' lang='lat' dir='ltr'>et</span> <span class='ocrx_word' id='word_1_56' title='bbox 317 1063 385 1118; x_wconf 77' lang='lat' dir='ltr'>agna</span> <span class='ocrx_word' id='word_1_57' title='bbox 394 1043 610 1116; x_wconf 73' lang='lat' dir='ltr'>Tempestatibus.</span> 
     </span>
    </p>
   </div>
   <div class='ocr_carea' id='block_1_3' title="bbox 403 1303 775 1465">
    <p class='ocr_par' dir='ltr' id='par_1_3' title="bbox 403 1303 775 1465">
     <span class='ocr_line' id='line_1_14' title="bbox 403 1303 775 1382; baseline -0.013 -20"><span class='ocrx_word' id='word_1_58' title='bbox 403 1305 650 1362; x_wconf 75' lang='lat' dir='ltr'>neonus</span> <span class='ocrx_word' id='word_1_59' title='bbox 696 1303 775 1382; x_wconf 76' lang='lat' dir='ltr'>ur.¹</span> 
     </span>
     <span class='ocr_line' id='line_1_15' title="bbox 458 1421 700 1465; baseline -0.017 0"><span class='ocrx_word' id='word_1_60' title='bbox 458 1425 503 1465; x_wconf 80' lang='lat' dir='ltr'>AD</span> <span class='ocrx_word' id='word_1_61' title='bbox 527 1421 700 1465; x_wconf 84' lang='lat' dir='ltr'>PECTIUM.</span> 
     </span>
    </p>
   </div>
   <div class='ocr_carea' id='block_1_4' title="bbox 212 1621 957 1731">
    <p class='ocr_par' dir='ltr' id='par_1_4' title="bbox 212 1621 957 1731">
     <span class='ocr_line' id='line_1_16' title="bbox 212 1621 957 1680; baseline -0.012 -11"><span class='ocrx_word' id='word_1_62' title='bbox 212 1631 323 1680; x_wconf 85' lang='lat' dir='ltr'>Queritur,</span> <span class='ocrx_word' id='word_1_63' title='bbox 337 1644 370 1675; x_wconf 79' lang='lat' dir='ltr'>ee,</span> <span class='ocrx_word' id='word_1_64' title='bbox 384 1636 489 1680; x_wconf 77' lang='lat' dir='ltr'>postquem</span> <span class='ocrx_word' id='word_1_65' title='bbox 502 1627 604 1664; x_wconf 79' lang='lat' dir='ltr'>Inachium</span> <span class='ocrx_word' id='word_1_66' title='bbox 617 1639 681 1664; x_wconf 84' lang='lat' dir='ltr'>nmsre</span> <span class='ocrx_word' id='word_1_67' title='bbox 695 1624 788 1670; x_wconf 83' lang='lat' dir='ltr'>desierit,</span> <span class='ocrx_word' id='word_1_68' title='bbox 802 1623 842 1661; x_wconf 78' lang='lat' dir='ltr'>iam</span> <span class='ocrx_word' id='word_1_69' title='bbox 855 1624 920 1661; x_wconf 86' lang='lat' dir='ltr'>denuo</span> <span class='ocrx_word' id='word_1_70' title='bbox 934 1621 957 1660; x_wconf 86' lang='lat' dir='ltr'>in</span> 
     </span>
     <span class='ocr_line' id='line_1_17' title="bbox 371 1689 795 1731; baseline -0.017 0"><span class='ocrx_word' id='word_1_71' title='bbox 371 1693 433 1731; x_wconf 74' lang='lat' dir='ltr'>ulium</span> <span class='ocrx_word' id='word_1_72' title='bbox 441 1705 528 1730; x_wconf 71' lang='lat' dir='ltr'>amorem</span> <span class='ocrx_word' id='word_1_73' title='bbox 537 1689 638 1727; x_wconf 77' lang='lat' dir='ltr'>incidisse.</span> <span class='ocrx_word' id='word_1_74' title='bbox 663 1693 724 1728; x_wconf 82' lang='lat' dir='ltr'>Metr.</span> <span class='ocrx_word' id='word_1_75' title='bbox 738 1689 795 1726; x_wconf 86' lang='lat' dir='ltr'>XIV.</span> 
     </span>
    </p>
   </div>
   <div class='ocr_carea' id='block_1_5' title="bbox 158 1788 910 2386">
    <p class='ocr_par' dir='ltr' id='par_1_5' title="bbox 158 1788 910 2386">
     <span class='ocr_line' id='line_1_18' title="bbox 210 1788 689 1859; baseline -0.017 -10"><span class='ocrx_word' id='word_1_76' title='bbox 210 1788 289 1859; x_wconf 83' lang='lat' dir='ltr'>Petu,</span> <span class='ocrx_word' id='word_1_77' title='bbox 301 1793 369 1849; x_wconf 91' lang='lat' dir='ltr'>nihil</span> <span class='ocrx_word' id='word_1_78' title='bbox 378 1811 430 1859; x_wconf 85' lang='lat' dir='ltr'>me,</span> <span class='ocrx_word' id='word_1_79' title='bbox 442 1796 603 1854; x_wconf 68' lang='lat' dir='ltr'>nontamen,</span> <span class='ocrx_word' id='word_1_80' title='bbox 616 1789 689 1843; x_wconf 80' lang='lat' dir='ltr'>iuvat</span> 
     </span>
     <span class='ocr_line' id='line_1_19' title="bbox 249 1861 886 1935; baseline -0.013 -12"><span class='ocrx_word' id='word_1_81' title='bbox 249 1871 361 1924; x_wconf 86' lang='lat' dir='ltr'>seribere</span> <span class='ocrx_word' id='word_1_82' title='bbox 370 1869 522 1932; x_wconf 83' lang='lat' dir='ltr'>versiculos,</span> <span class='ocrx_word' id='word_1_83' title='bbox 535 1881 622 1920; x_wconf 84' lang='lat' dir='ltr'>amore</span> <span class='ocrx_word' id='word_1_84' title='bbox 631 1879 788 1934; x_wconf 80' lang='lat' dir='ltr'>percussum</span> <span class='ocrx_word' id='word_1_85' title='bbox 797 1861 886 1935; x_wconf 80' lang='lat' dir='ltr'>gravi:</span> 
     </span>
     <span class='ocr_line' id='line_1_20' title="bbox 211 1938 737 2015; baseline -0.017 -17"><span class='ocrx_word' id='word_1_86' title='bbox 211 1963 307 2009; x_wconf 86' lang='lat' dir='ltr'>amore,</span> <span class='ocrx_word' id='word_1_87' title='bbox 320 1947 367 2015; x_wconf 91' lang='lat' dir='ltr'>qui</span> <span class='ocrx_word' id='word_1_88' title='bbox 379 1962 420 1996; x_wconf 88' lang='lat' dir='ltr'>me</span> <span class='ocrx_word' id='word_1_89' title='bbox 429 1951 529 2013; x_wconf 81' lang='lat' dir='ltr'>praeter</span> <span class='ocrx_word' id='word_1_90' title='bbox 539 1957 630 1995; x_wconf 87' lang='lat' dir='ltr'>ornnes</span> <span class='ocrx_word' id='word_1_91' title='bbox 639 1938 737 2008; x_wconf 82' lang='lat' dir='ltr'>expetit</span> 
     </span>
     <span class='ocr_line' id='line_1_21' title="bbox 249 2012 806 2087; baseline -0.018 -14"><span class='ocrx_word' id='word_1_92' title='bbox 249 2020 374 2074; x_wconf 88' lang='lat' dir='ltr'>mollibus</span> <span class='ocrx_word' id='word_1_93' title='bbox 384 2019 412 2070; x_wconf 93' lang='lat' dir='ltr'>in</span> <span class='ocrx_word' id='word_1_94' title='bbox 422 2017 510 2087; x_wconf 89' lang='lat' dir='ltr'>pueris</span> <span class='ocrx_word' id='word_1_95' title='bbox 521 2015 602 2068; x_wconf 84' lang='lat' dir='ltr'>autin</span> <span class='ocrx_word' id='word_1_96' title='bbox 612 2012 708 2084; x_wconf 90' lang='lat' dir='ltr'>puellis</span> <span class='ocrx_word' id='word_1_97' title='bbox 722 2027 806 2065; x_wconf 90' lang='lat' dir='ltr'>urere.</span> 
     </span>
     <span class='ocr_line' id='line_1_22' title="bbox 158 2086 724 2159; baseline -0.021 -9"><span class='ocrx_word' id='word_1_98' title='bbox 158 2107 170 2148; x_wconf 80' lang='grc'><strong>5</strong></span> <span class='ocrx_word' id='word_1_99' title='bbox 212 2097 260 2149; x_wconf 86' lang='lat' dir='ltr'>Hie</span> <span class='ocrx_word' id='word_1_100' title='bbox 269 2095 359 2147; x_wconf 86' lang='lat' dir='ltr'>tertius</span> <span class='ocrx_word' id='word_1_101' title='bbox 369 2091 517 2153; x_wconf 84' lang='lat' dir='ltr'>December,</span> <span class='ocrx_word' id='word_1_102' title='bbox 530 2106 564 2142; x_wconf 83' lang='lat' dir='ltr'>ex</span> <span class='ocrx_word' id='word_1_103' title='bbox 574 2104 628 2159; x_wconf 89' lang='lat' dir='ltr'>quo</span> <span class='ocrx_word' id='word_1_104' title='bbox 637 2086 724 2139; x_wconf 74' lang='lat' dir='ltr'>dmtiti</span> 
     </span>
     <span class='ocr_line' id='line_1_23' title="bbox 249 2160 798 2228; baseline -0.02 -5"><span class='ocrx_word' id='word_1_105' title='bbox 249 2168 354 2222; x_wconf 83' lang='lat' dir='ltr'>Inachis</span> <span class='ocrx_word' id='word_1_106' title='bbox 364 2165 458 2228; x_wconf 88' lang='lat' dir='ltr'>furere,</span> <span class='ocrx_word' id='word_1_107' title='bbox 470 2162 546 2216; x_wconf 87' lang='lat' dir='ltr'>silvis</span> <span class='ocrx_word' id='word_1_108' title='bbox 556 2162 681 2215; x_wconf 89' lang='lat' dir='ltr'>honorem</span> <span class='ocrx_word' id='word_1_109' title='bbox 692 2160 798 2213; x_wconf 85' lang='lat' dir='ltr'>decutit.</span> 
     </span>
     <span class='ocr_line' id='line_1_24' title="bbox 211 2231 910 2310; baseline -0.021 -12"><span class='ocrx_word' id='word_1_110' title='bbox 211 2245 268 2298; x_wconf 88' lang='lat' dir='ltr'>Heu</span> <span class='ocrx_word' id='word_1_111' title='bbox 279 2243 333 2295; x_wconf 88' lang='lat' dir='ltr'>mel</span> <span class='ocrx_word' id='word_1_112' title='bbox 354 2257 401 2310; x_wconf 89' lang='lat' dir='ltr'>per</span> <span class='ocrx_word' id='word_1_113' title='bbox 412 2239 507 2292; x_wconf 88' lang='lat' dir='ltr'>Urbem</span> <span class='ocrx_word' id='word_1_114' title='bbox 516 2266 554 2276; x_wconf 93' lang='lat'><em>-</em></span> <span class='ocrx_word' id='word_1_115' title='bbox 564 2253 625 2288; x_wconf 83' lang='lat' dir='ltr'>narn</span> <span class='ocrx_word' id='word_1_116' title='bbox 635 2235 716 2305; x_wconf 88' lang='lat' dir='ltr'>pudet</span> <span class='ocrx_word' id='word_1_117' title='bbox 727 2234 790 2288; x_wconf 84' lang='lat' dir='ltr'>tanti</span> <span class='ocrx_word' id='word_1_118' title='bbox 800 2231 863 2287; x_wconf 84' lang='lat' dir='ltr'>mali</span> <span class='ocrx_word' id='word_1_119' title='bbox 873 2261 910 2272; x_wconf 91' lang='lat'>-</span> 
     </span>
     <span class='ocr_line' id='line_1_25' title="bbox 250 2309 886 2386; baseline -0.016 -17"><span class='ocrx_word' id='word_1_120' title='bbox 250 2316 339 2370; x_wconf 84' lang='lat' dir='ltr'>fabule</span> <span class='ocrx_word' id='word_1_121' title='bbox 348 2321 446 2386; x_wconf 84' lang='lat' dir='ltr'>quanta</span> <span class='ocrx_word' id='word_1_122' title='bbox 457 2311 509 2365; x_wconf 86' lang='lat' dir='ltr'>luil</span> <span class='ocrx_word' id='word_1_123' title='bbox 531 2309 720 2364; x_wconf 87' lang='lat' dir='ltr'>Conviviorum</span> <span class='ocrx_word' id='word_1_124' title='bbox 730 2315 755 2362; x_wconf 86' lang='lat' dir='ltr'>et</span> <span class='ocrx_word' id='word_1_125' title='bbox 765 2309 886 2378; x_wconf 84' lang='lat' dir='ltr'>poenitet,</span> 
     </span>
    </p>
   </div>
   <div class='ocr_carea' id='block_1_6' title="bbox 159 2383 938 2690">
    <p class='ocr_par' dir='ltr' id='par_1_6' title="bbox 213 2383 788 2463">
     <span class='ocr_line' id='line_1_26' title="bbox 213 2383 788 2463; baseline -0.021 -17"><span class='ocrx_word' id='word_1_126' title='bbox 213 2394 242 2446; x_wconf 92' lang='lat' dir='ltr'>in</span> <span class='ocrx_word' id='word_1_127' title='bbox 252 2396 313 2463; x_wconf 89' lang='lat' dir='ltr'>quls</span> <span class='ocrx_word' id='word_1_128' title='bbox 324 2396 455 2444; x_wconf 80' lang='lat' dir='ltr'>amantem</span> <span class='ocrx_word' id='word_1_129' title='bbox 464 2395 489 2440; x_wconf 92' lang='lat' dir='ltr'>et</span> <span class='ocrx_word' id='word_1_130' title='bbox 498 2385 609 2456; x_wconf 81' lang='lat' dir='ltr'>languor</span> <span class='ocrx_word' id='word_1_131' title='bbox 619 2389 644 2436; x_wconf 85' lang='lat' dir='ltr'>et</span> <span class='ocrx_word' id='word_1_132' title='bbox 652 2383 788 2436; x_wconf 90' lang='lat' dir='ltr'>silentium</span> 
     </span>
    </p>

    <p class='ocr_par' dir='ltr' id='par_1_7' title="bbox 159 2453 785 2537">
     <span class='ocr_line' id='line_1_27' title="bbox 159 2453 785 2537; baseline -0.021 -16"><span class='ocrx_word' id='word_1_133' title='bbox 159 2479 185 2520; x_wconf 86' lang='lat'>10</span> <span class='ocrx_word' id='word_1_134' title='bbox 250 2465 346 2537; x_wconf 79' lang='lat' dir='ltr'>arguit,</span> <span class='ocrx_word' id='word_1_135' title='bbox 357 2472 382 2516; x_wconf 90' lang='lat' dir='ltr'>et</span> <span class='ocrx_word' id='word_1_136' title='bbox 391 2463 468 2516; x_wconf 82' lang='lat' dir='ltr'>latere</span> <span class='ocrx_word' id='word_1_137' title='bbox 477 2461 574 2532; x_wconf 86' lang='lat' dir='ltr'>petitus</span> <span class='ocrx_word' id='word_1_138' title='bbox 584 2459 638 2513; x_wconf 88' lang='lat' dir='ltr'>imo</span> <span class='ocrx_word' id='word_1_139' title='bbox 649 2457 767 2528; x_wconf 86' lang='lat' dir='ltr'>spiritus.</span> <span class='ocrx_word' id='word_1_140' title='bbox 782 2453 785 2458; x_wconf 61' lang='grc'>“</span> 
     </span>
    </p>

    <p class='ocr_par' dir='ltr' id='par_1_8' title="bbox 213 2530 938 2690">
     <span class='ocr_line' id='line_1_28' title="bbox 213 2530 770 2596; baseline -0.02 -3"><span class='ocrx_word' id='word_1_141' title='bbox 213 2541 360 2596; x_wconf 76' lang='lat' dir='ltr'>»Contrane</span> <span class='ocrx_word' id='word_1_142' title='bbox 369 2538 473 2591; x_wconf 83' lang='lat' dir='ltr'>lucrum</span> <span class='ocrx_word' id='word_1_143' title='bbox 483 2535 522 2590; x_wconf 91' lang='lat' dir='ltr'>nil</span> <span class='ocrx_word' id='word_1_144' title='bbox 535 2532 620 2588; x_wconf 82' lang='lat' dir='ltr'>valere</span> <span class='ocrx_word' id='word_1_145' title='bbox 628 2530 770 2585; x_wconf 79' lang='lat' dir='ltr'>candidum</span> 
     </span>
     <span class='ocr_line' id='line_1_29' title="bbox 250 2601 938 2690; baseline -0.017 -24"><span class='ocrx_word' id='word_1_146' title='bbox 250 2613 391 2690; x_wconf 68' lang='lat' dir='ltr'>»pauperis</span> <span class='ocrx_word' id='word_1_147' title='bbox 400 2607 573 2687; x_wconf 76' lang='lat' dir='ltr'>ingenium‘lu</span> <span class='ocrx_word' id='word_1_148' title='bbox 592 2607 719 2680; x_wconf 83' lang='lat' dir='ltr'>querebar</span> <span class='ocrx_word' id='word_1_149' title='bbox 729 2603 867 2676; x_wconf 82' lang='lat' dir='ltr'>applorens</span> <span class='ocrx_word' id='word_1_150' title='bbox 878 2601 938 2667; x_wconf 87' lang='lat' dir='ltr'>tibi,</span> 
     </span>
    </p>
   </div>
   <div class='ocr_carea' id='block_1_7' title="bbox 0 0 1038 3067">
    <p class='ocr_par' dir='ltr' id='par_1_9' title="bbox 0 0 1038 3067">
     <span class='ocr_line' id='line_1_30' title="bbox 0 0 1038 3067; baseline 0 0"><span class='ocrx_word' id='word_1_151' title='bbox 0 0 1038 3067; x_wconf 95' lang='lat' dir='ltr'> </span> 
     </span>
    </p>
   </div>
  </div>
 </body>
</html>
