2067 3067
207 133 259 190 264
441 135 719 185 merendum

208 238 355 293 »damnum
364 243 412 303 est,
424 235 598 302 noniaoinue‚
613 237 682 291 mihi
691 243 767 308 pecto
776 234 862 290 lenius
876 237 967 292 isto«

208 312 255 370 Vir
268 311 365 378 bonus,
379 329 458 368 omne
471 309 558 367 iorum
573 328 654 384 quem
667 319 766 440 optent
775 319 803 439 {et
816 328 897 367 omne
911 299 966 367 iri-

667 428 671 437 .
721 402 795 451 una,

208 460 432 534 quandocumque
440 459 502 515 deos
512 459 554 516 vel
567 477 646 531 poroo
654 459 697 515 vol
709 461 777 516 bove
785 461 880 532 placet,

208 537 289 590 niano
296 536 402 606 paterio
412 534 488 599 olere,
500 533 570 588 olere
578 552 665 606 quum
675 535 756 589 dixit:
777 535 929 606 »Apellei«

153 619 181 664 to
209 608 283 664 labra
292 616 389 674 movet,
400 616 520 664 metuens
533 608 633 664 audiri:
654 609 785 664 »Pulohre
794 611 926 676 Lauerna,

208 683 261 739 nde
271 682 448 756 mihi—follere,
460 682 494 737 dn
503 684 573 737 iusto
581 691 725 754 sanctoque
734 683 827 749 videri,

209 765 329 814 nnoobm
338 758 450 829 peoeetie
459 766 485 812 et
493 756 633 812 fraudbus
642 757 726 812 ohiioe
738 759 868 812 nubent

209 831 262 900 Qui
272 831 364 887 molior
373 849 458 897 servo,
470 833 518 904 qui
529 831 635 886 liberior
644 832 793 899 niteram,

209 907 239 962 in
248 907 334 962 triviis
345 906 430 962 fixum
441 923 527 979 quum
536 923 565 961 oe
574 906 688 961 demittit
695 907 730 961 ob
739 922 835 972 assem,

154 989 181 1035 tt
209 997 263 1036 non
271 981 363 1038 video:
384 999 456 1046 nem,
468 981 516 1055 qui
527 982 623 1054 cupiet,
634 988 732 1036 metuet
740 999 865 1054 quoque;
877 1000 960 1054 porro

209 1057 258 1128 qui
266 1063 385 1112 metuens
396 1057 475 1121 vivet,
489 1055 556 1112 liber
566 1055 633 1110 mibi
642 1073 696 1112 non
705 1056 755 1111 erit
763 1065 906 1128 um'quem.

209 1130 324 1185 Perdidit
333 1147 415 1196 erma,
428 1130 514 1185 iooum
525 1131 630 1186 virtutis
639 1130 762 1196 deseruit,
777 1132 826 1202 qui

209 1221 312 1276 semper
322 1205 350 1259 in
360 1205 480 1277 augenda
490 1204 595 1260 festinet
602 1212 628 1260 et
635 1204 757 1260 obruitur
766 1222 804 1259 re.
815 1206 820 1210 ’

209 1278 327 1334 Vendere
336 1295 422 1350 quum
431 1280 516 1349 possis
526 1279 877 1350 oeptivurnooeiderenoli:
914 1287 917 1291 '

154 1363 182 1406 το
212 1353 308 1408 serviet
318 1352 428 1407 utiliter:
449 1354 507 1408 sine
516 1361 605 1423 pascet
614 1353 698 1409 durus
707 1361 822 1426 eroque,

209 1427 317 1500 naviget
326 1443 356 1481 oo
365 1426 460 1503 mediis
470 1427 568 1482 hiemet
577 1437 703 1483 mereator
712 1429 741 1483 in
750 1428 840 1494 undio,

210 1497 329 1558 annonae
337 1502 429 1573 prosit,
439 1509 525 1573 portet
533 1502 665 1559 frumenta
676 1519 825 1574 penusque.

210 1575 257 1631 Vir
266 1577 353 1632 bonus
363 1584 388 1631 et
396 1578 500 1649 sepiens
510 1578 618 1632 audebit
627 1577 726 1634 dicero:
747 1578 896 1642 »Pentheu‚

209 1658 310 1706 »reotor
319 1651 479 1717 Thebarum,
491 1652 559 1724 quid
568 1669 611 1706 rne
618 1651 732 1724 perferre
743 1653 851 1724 patique

156 1735 183 1779 15
211 1725 371 1800 »indignum
380 1725 492 1800 roget«
516 1726 684 1782 teidimam
694 1727 792 1782 bone«
811 1727 829 1782 i
837 1728 956 1798 »Nempe

704 1818 872 1872 pecus,rem‚

210 1872 316 1940 eleetos,
334 1881 486 1949 argentum:
512 1874 588 1930 tolles
603 1875 737 1930 lioet.«—
752 1877 830 1931 inIn
840 1877 955 1931 irreniois
1020 1888 1021 1897 ¹

210 2022 399 2092 noompodibus
408 2007 487 2078 sadvo
496 2031 522 2077 te
530 2023 583 2078 sub
592 2023 699 2079 custode
708 2025 831 2080 tenebo«

210 2097 313 2168 {nlpse
325 2097 400 2164 deus,
409 2096 572 2170 simulatque
579 2098 676 2165 volem,
691 2118 734 2155 me
743 2099 900 2155 solveto-
918 2098 955 2154 0-

209 2247 260 2304 hoo
268 2247 360 2305 sentit:
380 2246 528 2316 »Morien«
543 2263 616 2302 more
623 2191 952 2307 ultimddiiirerumet.
