2067 3067
324 112 472 166 LIBER
507 114 562 160 111.

105 211 148 265 Tu
158 209 215 265 lene
225 218 386 266 tormentum
396 215 503 286 ingenio
513 214 638 270 admoves

103 287 354 358 plerumqueduro:
375 296 404 342 tu
416 290 577 359 sapientium

143 372 220 415 curas
229 370 254 416 et
263 380 389 422 arcanum
398 363 484 422 ionosn

181 437 322 492 eonsilium
332 439 427 512 retegis
436 440 536 512 Lyaeo:

104 536 136 580 tu
146 544 221 598 spem
231 528 335 583 reducis
345 530 478 584 mentibus
487 531 575 585 anxiis

104 603 237 674 viresque,
250 612 274 657 et
284 604 359 658 addis
369 622 466 659 eornua
477 607 597 676 pauperi,

143 685 202 748 post
212 686 237 731 06
246 695 333 750 neque
342 680 420 733 iratos
430 681 550 734 trementi

179 755 370 825 regumepiees
381 755 687 826 nequemilitumarma.
843 767 869 810 20

103 845 141 897 Te
150 843 237 906 Liber,
251 853 284 909 et,
296 846 320 898 si
330 845 393 900 laeta
403 846 494 909 admit,
507 847 606 910 Venus,

103 935 251 991 segnesque
262 919 360 981 nodum
372 921 473 976 solvere
483 921 595 984 Gratiae,

143 993 271 1064 vivaeque
280 995 425 1064 producent
433 995 562 1059 lueemae,

179 1067 245 1123 dum
254 1069 357 1126 rediens
366 1069 441 1143 fugat
450 1080 518 1127 esua
530 1071 659 1126 Phoebus.

274 1321 299 1375 0
329 1321 360 1374 Β
390 1320 417 1374 Ε
475 1321 606 1376 xxll.
633 1362 636 1368 .

329 1435 376 1478 nn
399 1435 550 1482 umnam

76 1641 151 1679 Pinum
159 1641 237 1678 Dianae
247 1647 349 1681 consecrat
355 1641 517 1691 pontificiumque
524 1642 630 1690 promittit.
656 1645 717 1684 Meir-
730 1644 799 1682 xvu.

102 1732 241 1797 Montium
251 1748 339 1797 uastos
348 1758 549 1814 nemorumque,
563 1743 650 1814 Virgo,

101 1833 169 1887 quae
178 1815 323 1871 laborante
333 1825 407 1871 utero
415 1816 517 1888 puellas

102 1898 141 1944 ter
150 1898 239 1945 vocata
249 1890 335 1955 audis,
348 1891 498 1963 adimisque
508 1890 567 1956 1600,

174 1965 236 2021 diva
246 1965 384 2034 triformis3
456 1970 458 1974 ’

101 2056 244 2110 imminens
255 2056 333 2111 villae
343 2065 387 2112 tua
397 2059 478 2128 pinus
488 2065 551 2124 aete,

101 2147 182 2201 quam
192 2148 239 2201 per
248 2140 351 2186 exactos
360 2131 409 2206 630
417 2133 500 2188 lacus
510 2150 593 2189 annos

100 2206 183 2260 verris
192 2204 332 2277 obliquum
343 2207 493 2264 meditantis
505 2209 588 2263 ictum

174 2281 306 2352 sanguine
315 2281 421 2340 donem.
