2067 3067
217 134 250 192 ω
363 146 368 154 ·
489 144 692 213 ouanuu

254 233 348 301 Laetus
358 240 385 295 in
395 258 518 312 praesens
529 245 645 310 animus,
660 246 733 318 quod
742 249 811 307 ultra
820 257 868 317 est,

252 313 335 370 oderit
343 331 443 381 curare,
455 325 480 371 et
490 335 577 373 amara
588 319 658 375 lento

253 397 378 461 temperet
387 392 453 447 risu.
493 393 567 447 Nihil
578 395 743 451 eslabomni

166 472 168 477 '
205 486 210 497 ·
326 472 399 535 parte
408 466 526 525 beatum.
793 478 799 489 '

252 554 368 612 Abstulit
376 554 478 610 olarum
488 557 538 612 eila
548 576 619 615 mors
629 559 773 632 Achillem

253 629 330 703 longa
341 630 484 686 Tithonum
495 633 594 688 minuit
602 644 736 692 seneclus:

251 704 352 759 etmihi
362 704 460 771 forsan,
472 707 522 762 tibi
532 708 605 780 quod
612 712 722 785 negarit,

325 781 441 855 porriget
450 780 525 837 hora.

165 872 167 876 ’
251 870 288 925 Te
296 888 389 945 greges
399 880 506 928 eentum
516 874 781 948 Siculaequeoiroum

250 946 378 1019 mugiunt
388 964 492 1016 vaooae;
513 950 563 1005 libi
572 950 641 1006 tollit
648 951 784 1009 hinnitum

250 1030 309 1091 apta
318 1020 458 1095 quadrigis
467 1040 549 1095 oqua;
571 1024 718 1081 lebisdfm
751 1087 753 1092 ,

324 1096 530 1151 murioetinotao
646 1123 661 1160 ⁴·

249 1187 365 1240 vestiunt
374 1184 461 1242 lanae:
484 1188 552 1243 mihi
560 1192 642 1260 parva
651 1202 724 1259 rura,
734 1200 761 1249 el
816 1230 819 1235 ›

249 1260 373 1331 spiritum
384 1260 477 1316 Graiae
486 1270 592 1317 tenuem
601 1264 731 1323 Camenae

249 1336 328 1390 Paroa
338 1351 391 1391 non
400 1336 515 1393 mandax
524 1337 604 1405 dedit,
615 1348 641 1395 et
649 1340 799 1416 malignum

99 1455 102 1461 .
156 1414 182 1460 4⁰
323 1428 445 1483 spernere
456 1411 583 1487 vulgus.¹

418 1667 443 1723 0
473 1668 504 1724 D
534 1669 562 1725 E
620 1670 749 1729 XVII.

238 1840 241 1845 Α
308 1783 853 1845 anocuuwuuummmrmr

474 1876 684 1926 annnorum

496 1992 663 2011 Μ

206 2076 409 2115 Reconvalersenlem
418 2078 489 2127 erigit,
504 2093 586 2131 sueque
598 2074 690 2121 camillo
700 2085 803 2127 victurum
815 2097 850 2129 aut
858 2092 954 2130 decenu-

402 2148 596 2183 manuteneatur.
619 2148 683 2186 Ettr-
694 2148 754 2187 XVI.

243 2230 303 2295 Cur
313 2257 356 2296 me
365 2239 480 2313 querelis
489 2245 626 2303 exanimas
638 2248 710 2306 tuiar

242 2316 296 2371 Neo
304 2315 347 2371 dle
356 2317 472 2372 amioum
481 2327 521 2374 est
530 2336 579 2375 neo
587 2321 664 2389 mihi,
676 2332 701 2379 te
711 2325 788 2397 prius

278 2391 359 2457 obire,
371 2392 515 2462 Maeoeuas‚
529 2412 650 2452 mearum

315 2466 415 2539 grande
423 2466 504 2524 deous
514 2469 689 2547 columenque
698 2492 797 2530 rerum.

150 2558 161 2599 ⁵
240 2555 296 2633 dli!
317 2565 424 2613 tamese
434 2560 457 2613 si
465 2566 568 2631 partem
577 2564 681 2621 animae
689 2567 758 2638 rapit

240 2632 367 2687 maturior
377 2633 427 2698 vis,
439 2635 506 2708 quid
516 2654 603 2693 moror
612 2637 700 2705 altera,

576 2885 743 3013 Χ
