2067 3067
204 144 254 201 {42
474 151 674 198 EPODON

241 249 329 323 qualis
338 249 486 324 Lycambae
494 260 598 322 spretus
610 250 690 305 infido
699 264 787 322 gener,

279 332 324 379 aut
333 343 389 378 aeer
399 327 481 380 hostis
490 327 600 397 Bupalo.

149 411 175 454 15
241 399 293 464 An,
305 401 328 453 si
338 401 400 470 quis
410 408 464 454 atro
473 400 550 454 dente
561 419 603 455 me
612 398 739 472 petiverit,

278 474 380 529 inultus
390 483 419 530 ut
428 473 494 529 flebo
503 474 588 547 puer?

289 867 293 874 ,
385 799 632 856 aranas
678 801 766 857 vn.

322 917 594 962 AD‘POPULUM
620 919 826 962 ROMANUM.

366 1103 483 1159 Detestatar
490 1121 551 1158 civile
560 1122 642 1159 bellum.
666 1125 727 1161 Metr.
737 1123 786 1161 XII.

243 1211 317 1287 Quo,
329 1236 392 1292 quo,
404 1219 513 1284 sedasti,
526 1218 622 1272 ruitis?
639 1226 684 1274 aut
693 1239 741 1276 cur
750 1222 862 1277 dexteris

279 1302 400 1367 aptantur
410 1311 485 1348 enses
495 1292 611 1348 eonditi‘?

241 1372 373 1424 Parumne
382 1385 482 1439 camprs
491 1376 570 1439 atque
579 1369 700 1438 Neptuno
713 1389 792 1442 super
843 1372 846 1378 '
912 1429 917 1438 ¹
1016 1413 1021 1422 .

278 1443 370 1498 farsum
380 1450 419 1496 est
428 1440 514 1496 Latini
525 1441 682 1514 sanguinis?

242 1537 294 1574 non
303 1526 334 1571 ut
342 1518 470 1588 superbas
482 1516 588 1572 invidae
598 1517 763 1590 Carthaginis

278 1594 413 1647 Romanus
423 1609 494 1646 eroes
507 1599 601 1657 ureret,

242 1668 354 1721 intactus
364 1675 409 1721 aut
418 1667 559 1721 Britannus
569 1672 598 1721 ut
608 1665 772 1722 descenderet
800 1683 804 1693 ·

278 1742 559 1813 εεοτεωῑεηεῐιιςνίε,

241 1816 289 1870 sed
298 1825 336 1881 ut,
347 1817 493 1870 secundum
504 1824 563 1871 vota
573 1816 737 1880 Parthorum,
752 1833 800 1870 sua

277 1892 343 1944 urbs
353 1891 416 1944 haec
424 1891 519 1960 periret
531 1890 645 1944 dextera.

241 1965 333 2035 Neque
342 1965 386 2017 hio
395 1963 465 2033 lupis
474 1981 542 2026 mos,
554 1981 602 2016 nec
610 1963 660 2016 fuit
669 1963 797 2027 leonibus,

278 2055 426 2108 nunquam,
438 2037 490 2090 nisi
500 2037 528 2090 in
538 2036 635 2107 dispar,
652 2036 723 2091 feris.

241 2113 466 2173 Furorneoaecus‚
481 2128 514 2165 an
526 2111 644 2180 rapituis
658 2110 758 2165 acrior?

278 2203 312 2239 an
323 2183 419 2255 culpa?
437 2186 601 2256 Responsum
612 2184 678 2237 date.

242 2261 350 2313 Tenent:
372 2266 397 2312 et
405 2258 482 2312 albus
491 2276 536 2311 ora
547 2257 629 2326 pallor
641 2258 733 2323 inficit,

278 2322 431 2403 mentesque
441 2321 575 2402 perculsae
587 2338 701 2400 stupent.

242 2405 285 2460 sie
294 2408 345 2459 ast!
367 2407 458 2460 aoerba
467 2406 519 2459 fata
530 2405 660 2457 Romanos
673 2412 763 2474 agunt,

278 2481 418 2550 scelusque
427 2479 553 2532 fraternae
563 2478 642 2541 neeis,

241 2560 271 2607 ut
280 2554 442 2607 immerentrs
452 2552 528 2606 fluxit
539 2552 565 2605 r'n
575 2559 669 2605 terram
679 2551 754 2605 Remi

151 2637 177 2682 2⁰
279 2644 350 2681 saner
360 2627 497 2701 nepotibus
510 2642 596 2684 cruor.
