2067 3067
206 127 238 181 26
478 132 678 181 ODARUM

244 228 320 287 dulce
330 231 458 285 ridentem
468 231 582 305 Lalagen
592 232 694 295 amabo,

321 306 397 361 dulce
408 307 567 378 loquentem.

403 541 488 597 oo
519 541 546 595 Ε
591 539 755 615 xxm.

468 660 515 701 Ab
541 658 689 702 cflLoEN.

207 864 338 903 Tinridiorem
348 864 400 901 imm
410 865 495 912 puellam
505 864 530 901 nd
539 876 624 900 amorem
633 862 728 912 pellicere
737 869 806 900 tentat.
820 865 882 901 Meu.
892 863 957 901 xlx.

245 958 327 1019 Vitas
337 964 463 1017 hinnuleo
473 981 515 1017 me
525 963 631 1028 similis,
643 963 732 1027 Chloe,
758 1016 762 1020 .

244 1040 378 1111 quaerenti
388 1038 511 1108 pavidam
523 1039 658 1093 montibus
670 1039 737 1093 aviis
809 1041 811 1045 ’

282 1121 400 1177 matrem,
414 1131 465 1166 non
478 1113 536 1165 sine
546 1131 614 1166 vano

264 1249 266 1253 .
281 1209 284 1215 ·
320 1205 443 1241 aurarum
454 1196 479 1241 et
488 1187 572 1241 siliiae
580 1196 663 1241 metu.

244 1282 310 1333 Nam
322 1297 368 1332 seu
379 1278 523 1333 mobilibus
534 1280 619 1349 vepris
629 1279 761 1333 inhorruit

244 1354 277 1408 ad
291 1362 398 1409 ventum
408 1354 486 1419 foliis,
498 1372 545 1407 seu
555 1354 653 1409 virides
665 1354 764 1407 rubum

281 1429 413 1483 dimovere
425 1427 541 1493 lacertae,

273 1518 275 1525 ·
321 1512 346 1575 et
355 1503 430 1557 corde
443 1511 467 1555 et
479 1503 593 1576 genibus
603 1504 699 1566 tremit.

243 1594 323 1666 Atqui
335 1614 387 1649 non
398 1612 445 1667 ego
455 1603 479 1647 te
489 1595 565 1667 tigris
575 1601 606 1647 ut
617 1612 716 1667 aspera,

244 1670 403 1725 Gaetulusve
414 1668 466 1730 leo,¹
475 1667 594 1742 frangere
602 1685 754 1739 persequor.

280 1746 394 1801 Tandem
409 1745 498 1799 desine
507 1752 617 1799 matrem

319 1822 471 1894 tempestivo
482 1821 557 1894 sequi
568 1820 634 1884 viro.

405 2060 489 2113 co
520 2059 547 2111 E
606 2058 750 2113 xxiv.
800 2016 846 2138 f

315 2176 360 2219 no
384 2179 410 2221 P.
434 2176 630 2219 vrucrnruu
653 2160 845 2249 uuuounffjn.

231 2381 365 2431 Conqueritur
376 2376 486 2429 Quinctilii
495 2390 587 2427 mortem,
596 2382 742 2431 Virgiliumque
752 2381 814 2440 soluti¹¹
832 2396 854 2423 11·
872 2377 933 2415 Metr-

536 2448 614 2482 XVIII.

232 2534 315 2607 *Quis
325 2544 453 2599 desiderio
462 2548 496 2598 sit
505 2546 590 2615 pudor
599 2552 646 2599 aut
654 2543 750 2598 modus
821 2531 826 2548 i

241 2628 293 2672 tam
303 2621 355 2673 ocri
366 2618 476 2689 cupitis‘?
495 2613 615 2688 Preecipe
626 2614 751 2691 lugubres
