2067 3067
237 186 270 239 70

507 181 708 231 ODARUM

312 288 341 342 Si
350 286 446 341 inactus
456 282 580 337 illabatur
588 282 669 345 orbis,

351 358 516 431 impavidum
526 357 618 411 ferient
629 356 730 409 ruinae.

276 465 329 518 Hac
339 468 391 516 arte
401 458 495 515 Pollux
504 465 528 510 et
539 474 623 528 vagus
632 454 755 509 Hercules

277 537 378 599 enisus,
389 550 460 589 arces
470 531 555 603 attigit
564 532 667 602 igneas:

234 611 236 615 ’
313 628 380 683 quos
391 610 458 662 inter
467 613 605 678 Augustus
616 604 771 657 recumbens

350 699 483 756 purpureo
492 681 565 733 bibet
573 696 617 731 ore
629 686 726 731 nectar.

278 791 331 844 Hac
339 796 364 842 te
372 794 524 848 merentem,
535 783 634 837 Bacche
643 788 724 851 pater,
737 788 797 833 tuae

278 882 372 920 vexere
383 863 470 935 tigres,
484 858 589 915 indocili
601 858 694 927 iugum

315 938 381 993 collo
394 938 533 990 trahentes.
573 934 626 985 Hac
635 930 763 995 Quirinus

354 1011 443 1067 Martis
452 1010 530 1080 'equis
540 1006 684 1061 Acheronta
694 1003 775 1074 iugit3

227 1155 231 1163 ·
280 1126 384 1192 gratum
398 1118 521 1187 eloquuta
529 1112 728 1169 consiliantibus

280 1196 378 1248 lunone
389 1191 471 1246 divis:
487 1190 569 1251 ilion,
581 1188 648 1241 Ilion

318 1265 402 1321 fatalis
414 1266 581 1334 incestusque
590 1261 671 1315 iudex

356 1348 381 1395 et
391 1339 486 1392 mulier
498 1337 635 1409 peregrina
645 1334 722 1390 vertit

283 1452 310 1504 in
319 1448 464 1521 pulverem,
477 1464 510 1499 ex
520 1462 574 1516 quo
584 1442 700 1497 destituit
708 1440 770 1495 deos

283 1523 400 1578 mercede
409 1529 482 1593 pacta
493 1518 650 1580 Laomedon,
662 1516 729 1569 mihi

320 1606 457 1667 castaeque
468 1594 622 1648 damnatum
632 1591 764 1645 Minervae

358 1689 420 1726 eum
430 1669 527 1741 populo
536 1676 561 1721 et
570 1667 636 1721 duoe
646 1662 821 1718 fraudulento.

284 1784 337 1835 lam
349 1798 397 1835 nec
406 1782 537 1834 Lacaenae
547 1775 665 1848 splendet
674 1770 805 1827 adulterae
1028 1831 1029 1836 Ἰ

285 1855 401 1911 famosus
412 1856 515 1925 hospes
528 1869 576 1906 neo
584 1849 682 1903 Priami
692 1847 787 1900 domus

323 1931 426 2000 periura
439 1944 571 2001 pugnaees
581 1924 695 1991 Achivos

360 2004 489 2058 Hectoreis
499 2001 595 2072 opibus
605 1995 736 2066 refringit;

286 2112 435 2181 nostrisque
445 2108 553 2162 ductum
563 2102 735 2159 seditionibus

288 2184 388 2239 bellum
397 2182 501 2237 resedit.
541 2180 662 2233 Protinus
673 2184 801 2247 etgraves
895 2177 898 2185 '

325 2260 377 2314 iras
386 2266 411 2311 et
419 2258 537 2313 invisum
548 2261 676 2324 nepotem,
866 2275 869 2280 ,

362 2334 438 2387 Troia
447 2347 528 2402 quem
537 2328 636 2400 peperit
645 2324 774 2387 sacerdos,
861 2294 899 2373 Χ

288 2442 361 2497 Marti
373 2440 513 2495 redonabo.
552 2436 631 2491 illum
641 2451 689 2507 ego
699 2431 800 2488 lucidas

289 2517 356 2571 inire
364 2515 446 2579 sedes,
459 2513 554 2567 ducere
563 2510 673 2565 nectaris

326 2606 425 2653 suecos,
438 2596 462 2642 et
472 2586 585 2641 adsoribi
598 2584 694 2655 quietis

363 2662 501 2717 ordinibus
510 2661 593 2733 patiar
603 2658 722 2714 deorum.
833 2659 857 2736 ,ᾖ

834 2758 840 2782 l

810 2790 833 2854 f

1020 2897 1030 3037 ι
