2067 3067
328 149 476 195 nlsun
511 149 557 198 lv.
639 143 642 158 ¹

149 251 189 307 vis
198 249 312 303 formosa
322 249 415 313 videri,

184 324 308 394 ludisque
317 331 342 377 et
351 324 422 378 bibis
432 322 582 392 impudens,

15 482 19 491 .
110 441 135 488 et
144 441 221 486 cantu
231 430 344 485 tremule
356 438 414 500 pota
425 430 583 500 Cupidinem

110 507 212 562 lentum
220 505 354 561 sollicitas.
393 503 440 557 llle
449 505 558 559 virentis
567 510 594 558 et

147 582 235 635 doctae
244 579 353 650 psaltere
363 579 444 632 Chiae

185 655 304 734 pulchris
313 654 425 707 excubat
433 653 462 705 in
470 652 555 723 genis.

110 764 279 834 Importunus
288 762 359 815 enirn
370 758 511 814 transvolat
520 756 606 812 aridas

111 855 233 910 quereus,
245 843 270 889 et
279 835 374 907 refugit
384 843 416 898 te,
428 834 490 904 quia
500 832 581 886 luridi

148 913 237 970 dentes
248 917 280 973 te,
293 911 355 980 quia
365 925 446 980 rugae

185 992 300 1054 turpant,
311 992 336 1037 et
344 983 437 1054 eapitis
448 981 534 1034 nives.

111 1097 164 1148 Nee
174 1094 240 1148 Coae
250 1091 364 1145 referunt
373 1091 426 1143 iam
436 1089 484 1142 tibi
493 1103 626 1158 purpurae

112 1186 159 1222 nee
167 1167 230 1220 clari
241 1165 339 1235 lapides
350 1173 473 1234 tempora,
484 1180 552 1234 quae
561 1159 641 1216 semel
686 1171 689 1178 '
758 1209 775 1238 ,

147 1243 216 1296 notis
226 1239 328 1293 condita
338 1239 410 1293 fastis

186 1315 292 1368 inclusit
302 1313 416 1368 volueris
426 1312 491 1366 dies.

111 1425 169 1490 Qun
178 1423 245 1495 fugit
256 1419 361 1477 Venus?
379 1420 443 1472 beu!
464 1435 552 1491 queve
562 1415 651 1472 eolor‘?
668 1416 762 1471 denaus

111 1517 165 1571 quo
174 1495 279 1551 metus?
297 1493 362 1565 quid
371 1494 452 1547 babes
462 1493 544 1558 illius,
556 1492 637 1557 illius,

148 1591 216 1644 quae
225 1570 341 1641 spirabat
353 1585 461 1631 amores,

185 1662 253 1718 quae
263 1662 306 1697 me
315 1650 452 1714 surpuerat
465 1640 541 1705 mihi,

112 1755 174 1809 [elix
184 1760 242 1824 post
251 1752 382 1812 Cinaram,
394 1757 507 1818 notaque
514 1754 540 1799 et
549 1745 646 1799 artium

111 1837 245 1902 gratarum
255 1825 350 1879 iacies?
368 1823 419 1877 Sed
429 1822 537 1876 Cinarae
546 1820 639 1874 breues

148 1919 230 1956 annes
241 1899 290 1953 fata
301 1899 436 1959 dederuut,

186 1983 319 2029 servatura
328 1973 375 2026 diu
384 1986 475 2042 parem

111 2084 221 2138 eernieis
232 2078 333 2135 vetulae
342 2077 503 2147 temporibus
513 2077 611 2148 Lycen,

111 2165 217 2230 possent
226 2164 256 2208 ut
266 2156 374 2208 iuvenes
383 2153 466 2205 visere
474 2149 578 2214 fervidi,

149 2232 233 2286 multe
243 2246 294 2283 non
305 2229 363 2280 sine
370 2227 436 2288 risu,

186 2305 316 2374 dilapsam
326 2303 353 2356 in
363 2301 462 2371 eineres
471 2298 564 2354 faoem.

347 2544 547 2559 -a-u—-t-——OE
