2067 3067
326 161 473 205 LIBER
511 164 532 205 1.

273 368 390 423 ΟΒΕ
438 367 586 423 XXXI.

169 487 238 528 an
295 484 688 530 8888818888.

66 692 70 701 ’
87 695 159 731 Preces
173 690 222 727 18811
235 692 260 727 ad
268 690 398 739 Apollinem,
414 690 454 737 (cui
470 691 566 738 ternplum
580 690 602 727 ab
611 691 702 738 Augnno
716 691 803 727 dii-uum

56 758 116 793 188881
123 756 138 802 ,)
153 768 193 791 888
204 752 286 791 divitias
296 753 333 789 sibi
344 760 450 801 expetens,
465 755 498 789 sed
513 762 534 790 ut
548 761 641 790 contento
655 754 695 789 suis
709 761 728 790 et
736 754 803 790 valido
855 762 865 768 “

56 820 90 856 br
100 830 217 866 musicequ
208 818 251 853 end
261 816 492 853 aenectutmnriverede
489 824 533 853 ·r.trr
558 820 593 855 Me
589 825 619 853 ·.tr
629 818 687 853 XVI.
847 811 853 846 1

92 908 171 983 Quid
182 900 425 1015 (18(1188118181888811
435 892 584 1023 1881118818

93 980 195 1047 vatest'
203 991 270 1061 quid
280 982 344 1055 drat,
357 991 388 1044 18
357 982 494 1062 patera
496 1011 596 1045 navum

128 1032 403 1159 fundens¹liqu0dem‘?
423 1052 596 1136 Nouiapiinae

166 1125 302 1194 Sardiniae
312 1127 410 1212 segdtes
422 1134 531 1206 1188888,

10 1242 12 1251 ’
91 1250 143 1286 888
155 1238 289 1285 aestuosae
298 1241 370 1303 grata
381 1231 515 1285 Calabriae

92 1316 222 1373 armenta3
246 1324 297 1359 888
308 1324 403 1359 aurum
415 1317 459 1359 aut
469 1309 536 1360 8188
546 1308 681 1376 indicum

129 1400 182 1435 888
194 1399 263 1440 8888,
277 1399 344 1451 quae
354 1382 423 1434 Liris
433 1384 522 1453 quieta

166 1456 268 1509 mordet
279 1474 356 1525 aqua,
369 1460 513 1510 taciturnus
525 1457 621 1511 amnis,

90 1551 213 1602 Premant
223 1548 317 1602 Calena
331 1548 401 1613 18188,
415 1550 515 1619 quibus
525 1548 597 1602 dedit

91 1625 216 1687 Fortuna,
231 1624 309 1675 vitem
320 1644 324 1676 :
346 1624 419 1675 dives
430 1632 454 1675 81
464 1625 551 1677 aureis

128 1698 493 1751 (888881888881888188181118

166 1774 228 1826 vina
239 1772 304 1844 Syra
315 1782 430 1843 reparata
442 1790 536 1830 merce.

91 1865 133 1917 dis
143 1881 220 1916 carus
231 1865 310 1933 ipsis:
333 1864 432 1933 quippe
443 1873 479 1917 ter
489 1874 514 1917 81
524 1871 617 1934 quater

91 1957 161 1992 anuo
172 1939 289 1991 revisens
299 1956 396 2009 aequor
407 1939 568 1993 Atlanticum

128 2015 248 2083 impune.
289 2014 329 2065 Me
341 2016 553 2083 pascuntolivae,

167 2106 209 2141 me
218 2088 343 2151 81818888,
357 2088 479 2160 levesque
492 2088 604 2143 malvae.

89 2179 153 2232 Frui
166 2180 262 2249 paratis
272 2188 297 2233 et
308 2180 394 2233 valido
405 2182 481 2245 mihi,

91 2254 177 2317 Letoa,
191 2254 280 2318 (18888,
294 2263 326 2315 81,
339 2272 436 2325 precor,
453 2258 555 2324 integra

128 2346 190 2383 eum
201 2339 295 2392 mente,
309 2346 356 2382 888
366 2338 468 2400 turpem
480 2324 610 2383 senectam

166 2403 268 2475 degere,
282 2405 435 2459 neccithara
445 2418 586 2459 carentem.

348 2592 508 2599 ——-—--—-

91 2760 217 2799 nonarius·
