2067 3067
269 149 382 198 ΗΒΑ.
411 133 626 197 sensnm.
772 143 819 200 274

210 373 238 428 E
256 371 351 428 PlS
369 373 441 430 '1¹0
460 375 487 429 L
504 374 534 430 Α
580 374 687 432 xix,

80 491 286 565 ansanum
307 488 822 538 CILNIU‘MMAEcENATEM.

78 702 110 740 tte
126 697 260 739 imitaton'bus
265 725 272 744 ,
291 705 311 736 et
329 707 390 750 quse
403 711 414 736 ι
427 697 547 748 quibusdan
559 703 618 747 poet·
628 698 697 736 minus
703 711 744 748 pre
753 701 825 740 nerito

400 762 500 800 indetur.

115 851 208 914 Prisco
218 859 241 914 si
251 857 344 923 credis,
354 857 492 913 Maecenas
501 857 714 923 docte‚'Crntino,

79 933 152 989 nulla
162 933 264 1006 placere
274 933 321 988 diu
330 948 378 986 nec
387 933 476 987 vivere
488 933 605 987 cannina
617 941 737 1005 possunt,

78 1026 146 1082 quae
155 1009 308 1063 scribuntur
317 1023 401 1078 aquae
410 1007 555 1078 potoribus.
596 1007 628 1062 Ut
637 1008 706 1062 male
715 1025 793 1063 sanos

79 1083 218 1154 adscripsit
227 1083 306 1136 Liber
315 1080 416 1154 Satyris
426 1082 579 1154 Faunisque
589 1090 687 1153 poetas,

77 1158 140 1214 vina
150 1157 203 1212 fere
212 1156 302 1212 duloee
314 1154 438 1210 oluerunt
446 1173 524 1211 mane
533 1157 672 1212 Camenae.
869 1169 881 1210 5

78 1232 215 1288 Laudibus
226 1231 347 1306 arguitur
356 1231 414 1287 vini
425 1232 535 1288 vinosus
548 1231 691 1287 Homerus:

77 1307 182 1367 Ennius
192 1309 249 1380 ipse
257 1314 331 1379 pater
339 1321 489 1380 numquam
499 1307 552 1362 nisi
562 1315 640 1378 potus
650 1307 684 1362 ad
696 1322 768 1362 arma

77 1382 200 1455 prosiluit
209 1383 329 1438 dicenda.
365 1383 486 1437 ‘n'Forum
494 1383 637 1455 putealque
647 1382 757 1437 Libonis

76 1458 225 1513 »mandabo
235 1459 320 1523 siccis,
333 1455 448 1512 adimam
458 1465 563 1512 cantare
571 1457 705 1526 severis3u
742 1452 751 1469 ’

77 1532 129 1586 hoc
138 1532 218 1585 simul
229 1531 310 1595 edixi,
323 1546 376 1585 non
389 1549 523 1587 cessavere
531 1542 621 1602 poetae

78 1612 205 1660 nocturno
216 1613 312 1658 certare
320 1619 401 1669 merc,
413 1611 504 1675 putere
513 1605 620 1659 diurno.

78 1679 158 1746 Quid,
169 1679 192 1732 si
206 1679 268 1748 quis
278 1675 356 1732 vultu
365 1685 439 1732 torvo
449 1676 521 1731 ierus
532 1687 558 1731 et
566 1679 633 1750 pede
643 1678 715 1732 nudo

77 1755 243 1826 exiguaeque
253 1759 327 1824 togae
337 1750 445 1806 simulet
453 1758 552 1806 textore
562 1753 695 1817 Catonem.

77 1830 238 1884 virtutemne
247 1832 420 1898 repraesentet
430 1841 570 1896 moresque
579 1825 704 1880 Catonis?

78 1903 295 1975 deit'larbitam
305 1900 457 1973 Timagenis
471 1899 574 1957 aemuia
586 1899 687 1972 lingua,

78 1979 145 2034 dum
155 1977 242 2032 studet
251 1977 371 2032 urbanus
381 1973 517 2046 tenditque
527 1973 641 2028 disertus
654 1975 754 2029 baberi.

76 2053 178 2124 Decipit
186 2051 320 2122 exemplar
331 2049 404 2104 vitiis
416 2048 559 2104 imitabile:
581 2049 677 2121 quodsi

77 2127 203 2199 pallerem
213 2123 560 2197 nasu‚bibermtexssngue
570 2125 719 2180 cuminum.

77 2202 100 2257 Ο
110 2202 260 2265 imitatores,
271 2215 379 2253 servum
389 2215 479 2270 pecus¹
491 2207 522 2254 ut
530 2199 598 2253 mibi
610 2216 688 2268 saepe

77 2276 169 2341 bilem,
181 2289 258 2346 saepe
267 2275 355 2330 iocum
365 2272 559 2329 vestrimcvere
570 2272 715 2327 mmultust

77 2351 172 2405 Libera
181 2367 228 2421 per
236 2349 440 2420 vacuumpnsui
449 2347 561 2420 vestigia
570 2347 702 2418 princeps,

15 2433 19 2440 ‘
77 2443 131 2480 non
141 2422 226 2478 aliens
238 2440 296 2479 meo
305 2422 390 2497 pressi
399 2422 474 2494 pede.
514 2422 567 2487 Qui
577 2421 629 2479 sibi
640 2421 706 2485 fidit,

76 2500 134 2554 dux
143 2500 212 2571 regit
220 2516 342 2554 examen.
380 2497 470 2553 Parios
480 2513 529 2570 ego
538 2496 641 2567 primus
654 2496 755 2550 iambos

75 2571 179 2628 ostendi
190 2575 271 2641 Latio,
283 2589 408 2630 numeros
419 2572 575 2643 animosque
584 2579 714 2643 sequutus

76 2648 238 2717 Archilochi,
250 2665 304 2706 nen
314 2665 356 2704 res
365 2655 391 2704 et
400 2647 503 2722 agentia
512 2646 592 2704 verba
602 2647 762 2721 Lycamben.
