2067 3067
208 154 255 206 ⁴88
458 158 699 206 SATYRARUM
719 156 725 165 '

204 253 304 310 flumen
316 263 347 312 ut
356 257 509 324 hibernum,
524 258 606 313 fertur
615 277 669 331 quo
678 276 736 313 rara
745 259 853 313 securis.

205 330 273 383 Tum
283 331 467 388 Praenestinus
481 333 551 389 salso
559 334 697 406 multoque
706 332 797 386 fluenti

203 422 326 476 expressa
336 409 443 463 arbusto
452 410 547 481 regerit
559 410 686 473 nnnvicia,
700 407 785 462 durus

150 490 176 534 3⁰
204 480 378 537 vindemiator
388 494 413 537 et
424 483 548 549 invictus,
564 485 607 537 eui
616 501 692 555 saepe
702 484 785 536 viator

204 556 331 622 cessisset,
344 576 440 631 magna
449 558 610 630 compellans
621 576 684 613 vooe
692 556 826 612 cuculum.

204 630 238 686 At
248 631 371 697 Graecus,
383 640 524 704 postquam
534 642 573 687 est
582 633 646 687 ltalo
655 631 778 704 perfusus
788 637 866 694 aneto,

204 707 308 761 Persius
318 707 459 761 exclamat:
481 708 543 762 »Per
553 726 672 780 magnos,
683 708 771 771 Brute,
786 705 848 759 deos
860 712 885 757 te

204 782 280 835 »oroi
301 783 350 853 qni
360 800 434 855 reges
443 784 578 837 nonsueris
587 783 683 847 tollere,
695 800 743 835 cur
752 799 806 838 non

150 865 175 907 35
204 856 295 910 »hune
305 858 403 931 Regem
413 856 538 932 iugulas?
559 856 676 930 Operum
696 858 760 921 boo,
780 853 946 921 mihicrede,

642 941 748 988 tuorum
756 937 824 985 estu

276 1132 279 1139 ’
375 1146 628 1206 senuna
673 1147 779 1205 vur.

239 1380 321 1421 haunit
333 1380 429 1431 Priapum
442 1388 565 1427 narrantem,
578 1382 743 1431 quemadmodum
754 1384 832 1422 viderit
846 1384 947 1423 Canidiam

204 1446 338 1493 sugentemque
352 1443 374 1481 in
387 1443 485 1492 sepulcris
499 1451 551 1481 arte·
563 1444 648 1493 magicas
661 1454 785 1492 exercentes,
795 1455 815 1486 et
824 1460 862 1498 qua
871 1448 949 1485 ratione

205 1521 236 1546 en
245 1508 268 1546 in
275 1508 342 1557 fugam
351 1506 467 1545 coniecerit.

241 1599 319 1664 Olim
329 1615 439 1663 truncus
448 1626 521 1663 eram
530 1608 655 1674 ficulnus,
668 1610 763 1665 inutile
772 1608 885 1682 lignum,

204 1701 289 1756 quum
299 1683 379 1750 faber,
395 1686 510 1739 incertus
519 1702 660 1740 scamnum
673 1684 800 1740 faceretne
812 1684 946 1755 Priapum,

203 1760 298 1814 maluit
311 1776 368 1815 esse
381 1759 471 1815 deum.
510 1762 581 1815 Deus
594 1760 657 1817 inde
669 1778 727 1835 ego,
741 1759 832 1815 lurum
844 1760 947 1814 avium-

729 1852 745 1890 a

203 1910 319 1965 maxima
329 1909 454 1966 formido:
467 1910 540 1967 'narn
549 1909 620 1966 fures
629 1854 827 1966 dercilooeroet

202 1985 383 2057 obscaenoque
391 1986 471 2040 ruber
478 1986 655 2057 porreetusab
666 1987 776 2059 inguine
785 1985 875 2057 palus·
904 2026 906 2032 .

202 2067 243 2114 ast
252 2061 416 2132 importunae
430 2059 549 2114 volucres
559 2060 588 2113 in
598 2061 695 2114 vertiee
703 2061 805 2116 arundo

159 2184 163 2192 ‚
203 2142 279 2189 terret
288 2134 341 2189 lixa
351 2140 473 2207 vetatque
485 2135 706 2191 novisoonsidere
715 2136 744 2191 in
754 2136 846 2191 hortis.

202 2211 260 2264 Huc
268 2210 343 2281 prius
353 2209 473 2281 angustis
483 2208 562 2262 eiecta
571 2208 697 2265 cadavera
706 2210 779 2265 oellis

203 2302 346 2340 oonservus
356 2283 404 2339 vili
415 2283 541 2355 portanda
551 2281 652 2339 locabat
661 2285 689 2340 in
699 2303 768 2341 area.

149 2370 175 2412 ln
204 2360 258 2414 Hoc
266 2360 377 2413 miserae
385 2356 456 2431 plebi
465 2358 699 2415 stabateommune
709 2360 871 2431 sepulcrum,

148 2478 150 2483 .
204 2434 344 2489 Pantolabo
353 2451 459 2490 scurrae
467 2436 684 2506 Nomentanoque
693 2435 792 2505 nepoti.

203 2507 275 2561 Mille
283 2508 362 2578 pedes
372 2510 400 2563 in
409 2507 501 2574 fronte,
514 2509 744 2580 trecentospippus
753 2509 781 2563 in
792 2527 886 2581 agrum

203 2581 248 2635 hie
257 2581 348 2648 dabat,
369 2582 477 2639 heredes
487 2591 691 2638 monumentum
701 2601 734 2637 ne
745 2592 907 2656 sequeretur.

203 2658 281 2711 Nune
291 2655 350 2711 lieet
357 2658 492 2733 Exquiliis
501 2658 620 2715 habitare
628 2658 790 2725 salubribus,
802 2666 882 2730 atque
