2067 3067
323 164 472 212 LIBER
508 163 559 211 Π.

108 267 226 322 Posthac
235 265 359 320 secundis
369 283 455 337 usque
467 265 603 320 laboribus

106 345 228 396 Romana
233 342 317 413 pubes
326 341 416 404 erevit,
428 348 454 394 et
463 341 546 410 impio

146 425 243 471 vastata
254 418 400 470 Poenorum
411 415 527 468 tumultu

183 490 243 546 iana
252 490 314 544 deos
323 491 439 544 habuere
449 498 543 542 rectos:

107 598 230 668 dixitque
239 596 345 652 tandem
355 596 471 668 perfidus
481 594 627 649 Hannibal:

107 673 190 735 cervi,
202 671 324 742 luporum
336 671 431 741 praeda
441 670 586 740 rapacium,
671 695 674 702 ⁴

145 754 276 800 sectamur
287 746 363 810 ultro,
374 762 443 816 quos
454 745 560 814 opimus

183 821 272 875 fallere
280 828 306 875 et
314 821 428 893 effugere
436 828 475 872 eat
485 818 643 888 triumphus.

108 931 191 993 Gens,
203 945 280 1000 quae,
291 934 405 981 cremato
413 926 487 980 fortis
496 926 530 979 ab
539 924 598 984 llio,

108 1007 202 1058 iactata
212 1004 304 1056 Tuscis
313 1001 481 1073 aequoribus,
493 1017 567 1054 saera

147 1086 275 1148 nubeque
284 1085 454 1147 maturosque
464 1082 549 1145 putres

184 1151 292 1224 pertulit
299 1151 430 1206 Ausonius
439 1150 473 1204 ad
484 1149 575 1213 urbes,

109 1259 186 1314 duris
195 1265 225 1312 ut
234 1258 287 1314 ilex
296 1266 370 1312 tonsa
382 1257 544 1328 bipennibus

109 1336 202 1407 nigrae
211 1332 289 1387 feraci
298 1332 398 1387 bondis
408 1333 436 1385 in
446 1331 551 1403 Algido,

148 1425 195 1480 per
203 1408 309 1472 damna,
321 1425 367 1480 per
376 1407 476 1469 caedes,
488 1406 590 1474 abipso

186 1482 259 1536 ducit
267 1499 329 1553 opes
339 1482 512 1552 animumque
522 1477 599 1532 ferro.

109 1593 170 1644 Non
179 1589 266 1667 hydra
275 1596 343 1642 seete
352 1605 458 1659 eorpore
469 1587 569 1641 firmior
675 1635 678 1640 .

110 1663 183 1719 vinci
193 1663 323 1718 dolentem
334 1663 415 1716 crevit
425 1662 453 1715 in
464 1660 611 1724 Herculem,

149 1745 331 1793 monstrumve
339 1737 496 1790 summisere
505 1734 596 1790 Colchi

187 1813 284 1876 maius,
296 1811 471 1865 Echioniaeve
480 1810 593 1864 Thebae.

110 1923 209 1975 Merees
218 1919 362 1990 prolund0;
383 1918 518 1989 pulchrior
527 1913 626 1969 evenit:

112 1994 222 2061 luctare3
243 1993 326 2048 multa
336 2001 442 2063 proruet
451 1994 584 2063 integrum

149 2086 212 2123 eum
223 2067 300 2122 laude
310 2068 442 2132 victorem,
454 2073 578 2139 geretque

187 2142 285 2213 proelia
294 2142 453 2214 ooniugibus
465 2137 605 2212 loquenda.

111 2246 264 2319 Carthagini
275 2246 329 2300 iam
338 2263 391 2300 non
400 2261 450 2316 ego
459 2243 566 2298 nuntios

113 2321 367 2391 mittam'superbos:
387 2318 489 2382 ooeidit,
501 2315 595 2370 ooeidit

151 2412 210 2466 spes
220 2412 316 2460 omnis,
331 2402 357 2449 et
366 2394 468 2449 fortuna
478 2391 561 2446 nostri

188 2470 315 2534 nominis,
325 2466 488 2523 Hasdrubale
497 2461 646 2518 interemtol

116 2565 161 2620 Nil
172 2567 297 2622 Claudiae
306 2584 360 2622 non
370 2564 505 2638 perficiem
516 2579 627 2618 manus:

115 2657 182 2714 quas
191 2650 216 2696 et
223 2642 342 2716 benigno
349 2639 461 2698 numine
470 2637 567 2707 iupiter

659 2722 683 2775 ll
695 2723 711 2776 2

767 159 818 211 lib

846 271 873 316 lb
