2067 3067
340 138 568 187 POETICA.
776 135 826 190 295

84 239 187 296 vultum
196 240 276 294 verba
286 239 385 304 decent,
399 240 495 294 iratum
505 241 581 312 plena
592 241 735 308 minarum,

82 315 215 372 ludentem
225 314 331 379 lasciva,
344 330 466 370 severum
476 316 544 369 seria
553 316 636 370 dictu.

81 393 187 446 Format
196 388 267 444 enini
279 391 371 444 natnrt
380 391 455 460 prius
465 408 513 445 nos
523 391 596 445 intus
606 391 639 444 ad
648 409 754 446 omnem

81 464 247 520 fortunarum
258 464 388 528 habitum,
400 464 483 529 iuvat,
495 474 541 520 aut
551 465 663 537 impellit
672 466 706 519 ad
716 468 791 532 iram,

83 551 127 595 aut
136 540 169 594 ad
179 540 293 594 humum
304 555 420 594 moerore
428 541 504 612 gravi
514 540 621 594 deducit
629 548 654 594 ct
663 542 749 614 angit,

81 623 140 687 post
149 615 220 670 effert
230 616 312 669 enimi
322 621 409 669 motus
420 614 558 686 interprete
567 615 669 688 lingua.

82 691 111 746 Si
119 689 230 745 dioentis
239 698 317 744 erunt
326 689 438 745 fortunis
448 689 548 744 absona
557 690 634 753 dicta,

82 765 193 821 Romani
203 763 293 820 tollent
301 766 402 836 equites
411 764 565 837 peditesque
574 765 744 819 cachinnum.

119 841 237 895 Intererit
246 838 370 905 multum,
382 841 506 895 Davusne
515 839 639 912 loquatur
651 839 774 906 herusne,

82 922 236 970 maturusne
246 930 326 970 senex
336 933 369 969 an
381 915 468 969 adhuc
476 913 583 969 florente
592 915 698 970 iuventa

29 1055 32 1061 Ι
81 989 208 1055 fervidus,
220 997 245 1045 et
254 997 372 1044 matrona
382 998 473 1060 potens
484 1007 517 1044 an
528 988 620 1044 sedula
630 991 730 1055 nutrix,

82 1072 241 1121 mercatorne
249 1077 334 1136 vagus
344 1063 461 1118 cultorne
470 1065 579 1118 virentis
589 1063 676 1138 agelli,
795 1131 801 1140 ἱ

82 1140 195 1196 Colchus
205 1157 239 1194 an
249 1138 385 1212 Assyrius,
397 1138 495 1192 Thebis
505 1139 620 1193 nutritus
630 1157 663 1193 an
674 1139 762 1214 Argis.

81 1216 135 1270 Aut
143 1213 241 1269 lamam
251 1227 368 1285 sequere,
381 1225 426 1268 aut
435 1213 487 1268 sibi
496 1214 678 1269 convenientia
687 1216 768 1290 finge.

82 1290 197 1362 Scriptor
205 1289 362 1344 honoratum
372 1289 394 1342 si
404 1287 469 1345 forte
478 1290 584 1361 reponis
594 1288 733 1357 Achillem,

83 1365 204 1439 impiger,
216 1364 368 1430 iracundus,
381 1365 562 1430 inexorabilis,
574 1381 634 1420 aoer

83 1441 140 1496 iura
151 1448 227 1514 neget
236 1440 288 1494 sibi
302 1448 371 1504 nate,
384 1439 452 1494 nihil
463 1457 515 1495 non
529 1448 631 1514 arroget
639 1442 730 1496 armis.

81 1515 121 1570 Sit
130 1515 218 1570 Medea
228 1513 301 1568 ferox
309 1513 469 1585 invictaque,
481 1514 578 1569 llebilis
587 1517 643 1580 lno,

80 1588 199 1661 pertidus
208 1588 292 1650 Ixion,
305 1588 333 1640 lo
342 1605 419 1661 vaga,
431 1589 513 1641 tristis
523 1588 636 1643 Orestes.
723 1646 726 1652 ,

83 1665 111 1719 Si
121 1661 188 1735 quid
197 1663 364 1732 inexpertum
374 1679 466 1716 socnao
478 1663 630 1727 committis,
642 1666 667 1718 et
679 1661 760 1718 audes

81 1754 220 1811 personam
230 1736 342 1792 formare
351 1751 456 1801 novam,
468 1743 586 1791 servetur
594 1737 628 1791 ad
637 1739 732 1803 imum,

82 1812 170 1888 qualis
178 1813 211 1868 ab
222 1813 324 1884 inoepto
332 1812 494 1883 processerit,
509 1812 595 1865 etsibi
604 1821 711 1866 constet.

87 1957 89 1961 Ι
111 1887 230 1948 ,Difficile
238 1893 277 1942 est
286 1887 391 1959 pmprie
400 1885 552 1942 eommunia
564 1884 662 1941 dicere:
685 1896 767 1961 tuque

81 1963 294 2032 reotiuslliaoum
302 1979 408 2017 carmen
418 1961 527 2016 deducis
535 1961 564 2015 in
574 1968 656 2026 actus,

82 2055 165 2111 quam
174 2039 198 2092 si
206 2036 333 2109 proferres
342 2038 430 2111 ignota
441 2036 593 2110 indictaque
601 2037 715 2108 primus.

83 2113 191 2169 Publioa
201 2113 321 2167 materies
330 2113 427 2184 privati
436 2112 503 2167 iurls
513 2113 572 2177 e'rit,
583 2113 606 2166 si

82 2207 135 2245 non
145 2189 212 2242 ciroa
221 2186 301 2242 vilem
311 2187 485 2260 patulumque
495 2187 639 2243 moraberis
651 2187 750 2255 orbem,

82 2281 132 2319 nec
140 2263 251 2318 verbum
264 2263 343 2318 verbo
352 2263 457 2318 curabis
468 2263 576 2318 reddere
586 2263 656 2317 lidus

82 2340 220 2410 interpres,
233 2353 281 2392 neo
289 2337 394 2392 desilies
404 2339 517 2392 imitator
528 2335 557 2392 ln
568 2347 664 2402 artum,

81 2414 155 2470 unde
164 2413 258 2484 pedem
269 2413 383 2484 prolerre
392 2413 477 2484 pudor
486 2419 555 2468 vetet
569 2421 615 2468 aut
623 2412 710 2485 operis
720 2412 772 2469 lex.

81 2491 136 2543 Neo
146 2489 184 2543 sio
193 2489 312 2560 incipies,
325 2495 355 2542 ut
364 2489 474 2559 scriptor
483 2487 584 2562 cycliue
596 2486 675 2544 olim:

82 2563 245 2618 »Fortunam
256 2563 353 2617 Priami
360 2565 469 2620 cantabo
478 2570 503 2618 et
513 2562 601 2618 noblle
610 2563 741 2618 bellum«

81 2637 155 2708 Quid
164 2637 278 2714 dignum
288 2645 360 2696 tanto
369 2638 433 2698 ieret
441 2639 486 2697 hio
493 2639 638 2715 promissor
646 2637 740 2696 hiatu?

148 2773 160 2838 l

840 554 880 596 llll

842 928 881 971 llb

841 1676 880 1719 125
935 1725 940 1736 ⁸

842 2050 881 2092 130

843 2425 883 2469 135
