2067 3067
261 146 309 204 430
529 150 727 204 ODARUM

491 418 516 472 0
546 419 576 472 D
605 417 632 471 E
690 416 771 473 XV.

362 534 536 579 cassurus
559 534 721 577 aucusrr
742 532 890 576 Launns

259 740 353 778 Pacatum
362 737 398 776 aab
407 737 497 786 Augusto
506 737 587 786 imperii
595 735 681 774 Romani
696 743 771 774 statum
790 737 863 774 laudat.
876 734 1000 774 Meanxvl.

297 831 423 892 Phoebus
432 834 562 890 volentem
571 834 667 905 proelia
678 851 720 888 mc
729 833 801 905 loqui

297 913 379 967 victas
389 920 414 964 et
424 911 511 973 urbes,
524 909 653 980 increpuit
663 908 728 981 lyra,

335 1004 368 1040 ne
377 1002 458 1056 parva
468 984 635 1056 Tyrrhenum
646 1000 692 1054 per
701 999 798 1054 aequor

371 1059 430 1112 vela
439 1058 538 1111 darem.
578 1059 643 1121 Tua,
656 1057 758 1120 Caesar,
771 1063 839 1109 aetas

298 1149 387 1220 fruges
396 1154 421 1201 et
430 1147 500 1219 agris
510 1146 599 1200 retulit
607 1147 709 1212 uberes,

299 1232 323 1276 et
333 1224 407 1294 signa
419 1228 505 1274 nostro
514 1221 626 1274 restituit
634 1221 699 1283 Iovi,

254 1343 262 1358 ‚
336 1296 438 1364 derepta
448 1294 602 1347 Parthorum
616 1293 736 1364 superbis
820 1347 824 1356 ,

360 1430 362 1436 ,
373 1368 501 1439 postibus,
513 1375 540 1421 et
548 1385 663 1421 vacuum
673 1366 768 1422 duellis

299 1460 393 1513 Ianum
403 1457 545 1522 Quirinum
555 1457 656 1521 clausit,
669 1465 693 1511 et
702 1457 821 1511 ordinem

299 1540 398 1587 rectum
408 1533 528 1603 evaganti
537 1530 609 1585 frena
619 1531 735 1586 licentiae

338 1607 433 1669 iniecit,
446 1606 596 1676 emovitque
604 1604 704 1675 culpas,

373 1688 399 1733 et
408 1687 504 1732 veteres
514 1679 644 1733 revocavit
654 1687 733 1745 artae,

299 1789 345 1842 per
354 1787 422 1843 quas
432 1770 555 1824 Latinum
566 1787 660 1824 nomen
675 1777 699 1822 et
708 1767 785 1822 Italae

300 1863 402 1900 crevere
411 1845 481 1899 vires
490 1843 621 1915 famaque,
633 1852 658 1896 et
668 1844 761 1913 impert

336 1926 450 1989 porrecta
461 1920 581 1971 maiestas
591 1918 719 1971 adortum
773 1958 779 1967 .

373 1991 606 2062 solisabhesperio
620 1990 711 2044 cubili.
785 2019 794 2038 .

300 2080 412 2135 Custode
421 2097 508 2132 rernm
518 2080 634 2142 Caesare,
647 2096 699 2132 non
709 2078 781 2132 furor

212 2189 214 2193 -
299 2153 386 2206 civilis
395 2161 440 2206 aiat
449 2153 490 2206 vis
499 2153 596 2206 eximet
605 2153 696 2216 otium,

337 2244 390 2280 non
400 2227 448 2289 ira,
460 2244 528 2297 quae
537 2226 656 2296 procudit
664 2243 747 2290 enseS,

374 2307 399 2354 et
408 2300 516 2354 miseras
527 2299 644 2354 inimicat
654 2301 741 2353 urbes
790 2298 795 2308 '

300 2393 367 2453 Nou,
379 2391 426 2461 qui
436 2389 597 2460 profundum
607 2388 757 2444 Danubium
767 2388 871 2450 bibunt,

300 2465 382 2517 edicta
391 2472 514 2534 rumpent
525 2464 598 2528 Iulia,
610 2480 663 2517 nou
674 2462 759 2524 Getae,

338 2555 391 2592 non
401 2538 474 2592 Seres
484 2537 593 2591 infidive
603 2538 701 2598 Persae,

262 2607 267 2616 ’
375 2628 427 2668 non
438 2611 537 2667 Tanain
546 2627 626 2684 propa
635 2609 732 2666 flumen
742 2609 801 2664 orti.
