2067 3067
222 149 273 205 ἰεῦ
454 146 734 196 nrtsronnnurr

220 255 272 308 rite
282 251 370 307 cliens
378 249 479 306 Bacchi
488 263 586 305 somno
595 246 910 320 gaudentisetumbrn3

221 337 251 383 tu
262 344 307 382 me
320 328 392 382 inter
401 323 534 398 strepitus
543 331 692 379 nocturnos
703 328 787 393 atque
795 321 925 380 diurnos

166 416 192 459 8⁰
224 403 269 459 vis
279 417 386 466 canera,
398 409 426 457 et
434 397 778 470 contactasequivestigia
786 399 911 452 vatum?

222 479 378 551 Ingenium,
390 476 447 532 sibi
457 473 533 547 quod
541 489 644 529 vacuas
654 472 810 544 desumpsit
819 470 956 531 Athenas
1017 514 1018 517 ,

223 563 249 610 et
260 552 361 609 studiis
371 568 456 606 annes
467 557 574 621 septem
582 548 662 603 dedit
671 548 850 618 insenuitque

224 630 304 685 libris
314 635 341 682 et
351 627 435 689 curis,
447 633 537 680 statue
546 624 711 678 taciturnius
721 623 780 677 erit

222 705 387 778 plerumque
393 707 420 755 at
425 701 484 754 risu
493 699 630 771 populum
638 698 743 769 quatit:
760 696 869 769 lrieegc
880 717 982 756 rerum

168 791 194 834 85
222 777 354 834 ductibus
364 777 394 832 in
404 774 505 830 mediis
514 782 543 829 et
552 773 765 846 tempestatibus
776 771 866 836 urbis,

222 852 307 910 verba
318 853 393 926 lyrae
402 858 509 906 motura
519 865 619 904 sonum
627 855 789 903 connectere
798 846 924 919 digner?

262 930 356 984 Frater
366 934 424 982 eret
433 926 534 980 Romae
544 924 663 980 consulti
673 923 775 988 rhetor,
786 929 817 977 ut
827 922 901 978 alter

224 999 338 1061 alterius
348 1019 473 1058 sermone
484 1017 574 1056 meres
585 999 694 1055 audiret
702 999 828 1061 hencres,
872 1017 875 1020 ⁴

224 1079 365 1136 Gracchus
374 1086 405 1133 ut
414 1078 461 1133 hic
471 1076 515 1131 illi
525 1074 604 1140 ieret,
620 1075 687 1130 huic
695 1082 728 1129 ut
736 1074 845 1131 Mucius
855 1073 919 1130 ille.

169 1167 195 1210 et
224 1154 277 1221 Qul
287 1155 381 1209 minus
392 1160 502 1225 argutos
513 1159 596 1207 vexet
605 1150 681 1205 furor
691 1152 744 1205 iste
753 1147 869 1222 pectas?

224 1229 351 1285 Carmina
362 1243 504 1298 compono,
520 1226 568 1280 hic
578 1226 671 1300 elegos
681 1223 855 1278 -mirabile
865 1225 935 1280 visu

225 1301 699 1372 caelatumquenuvemllusiscpusl
712 1298 976 1370 Adspiceprimum,
1017 1352 1019 1357 .

224 1383 326 1448 quanto
337 1391 400 1429 cum
412 1373 493 1437 lastu,
506 1382 610 1445 quanto
621 1375 764 1430 molimine
776 1374 900 1428 circum-

226 1457 382 1523 spectemus
392 1465 510 1504 racuam
517 1449 649 1504 Romanis
659 1449 770 1506 vatibus
781 1447 893 1517 aedem3

170 1537 196 1582 ⁹5
225 1543 289 1583 mox
300 1525 391 1589 etiam,
404 1525 429 1579 si
439 1523 508 1580 ferte
518 1541 610 1590 vacas,
623 1541 748 1597 sequere,
760 1524 888 1595 etprceul
895 1526 973 1591 audi,

225 1601 296 1674 quid
308 1600 377 1656 ferat
387 1608 413 1656 et
422 1615 508 1680 quare
517 1599 574 1654 sibi
583 1608 674 1655 nectet
684 1608 800 1672 uterque
814 1613 956 1656 ceronam⁶

225 1676 382 1739 credimur,
394 1683 423 1730 et
430 1673 545 1730 totidem
554 1674 646 1748 plagis
657 1676 845 1730 consumimus
854 1673 974 1742 hostem,

226 1752 300 1807 lento
311 1750 448 1806 Samnites
459 1749 495 1804 ad
505 1750 611 1804 lumina
619 1751 709 1821 prima
719 1749 822 1804 duello.

226 1826 343 1881 Discedo
352 1824 469 1882 Alcaeus
479 1832 583 1898 puncto
592 1825 683 1891 illius3
705 1824 754 1878 ille
763 1839 825 1881 meo
834 1823 920 1896 quis?

171 1911 210 1954 lut
223 1901 296 1972 quis,
309 1901 365 1954 nisi
376 1897 582 1955 Callimachus?
604 1898 636 1954 Si
645 1899 710 1970 plus
721 1899 869 1973 adposcere
884 1901 974 1970 visus,

225 1975 256 2029 fit
265 1975 455 2037 Mimnermus,
468 1980 495 2027 et
504 1973 599 2044 optivo
610 1975 772 2048 cognomina
783 1976 891 2030 erescit.

227 2049 312 2105 Multa
323 2048 389 2111 fero,
402 2056 434 2104 ut
442 2047 551 2118 placem
561 2062 649 2120 genus
659 2045 794 2104 irritabile
803 2057 908 2114 vatum,

227 2140 314 2194 quum
324 2122 425 2186 scribo,
438 2129 465 2176 et
473 2121 594 2192 supplex
603 2124 701 2197 populi
711 2123 842 2198 suffragia
851 2133 945 2199 capt03

227 2198 312 2262 idem,
326 2197 411 2251 finitis
422 2195 524 2250 studiis
535 2202 564 2250 et
573 2205 665 2252 mente
675 2206 793 2270 recepta,

171 2285 211 2327 105
224 2273 351 2327 obturem
360 2271 469 2344 patulas
480 2271 595 2342 impune
606 2271 764 2344 legentibus
774 2290 864 2330 aures.

226 2346 370 2409 Ridentur,
381 2346 453 2399 mela
463 2346 513 2416 qui
523 2355 690 2419 componunt
700 2349 822 2404 carmina
829 2367 847 2417 3·
857 2365 955 2404 verum

225 2419 518 2496 gaudentscribentes,
531 2427 558 2475 et
567 2438 598 2478 se
605 2431 782 2488 venerantur,
793 2431 822 2478 ct
834 2424 914 2488 ultro,

227 2495 362 2556 simones,
374 2491 497 2556 laudant,
509 2494 650 2567 quidquid
660 2498 805 2567 scripsere,
819 2498 902 2552 beati.

226 2564 269 2627 At,
280 2567 331 2634 qui
342 2565 498 2636 legitimum
509 2569 602 2635 cupiet
611 2568 709 2622 iecisse
718 2584 826 2638 poema,

170 2649 210 2692 ue
224 2653 287 2692 eum
297 2639 400 2695 tabulis
410 2641 534 2695 animum
544 2642 665 2697 censoris
674 2650 766 2700 sumet
775 2643 899 2713 honesti,
