2067 3067
330 153 479 200 LIBER
515 153 566 202 1v.

79 263 167 310 vatum
178 271 273 324 ponere
282 269 325 305 me
334 252 440 320 ohoros;

114 337 139 382 et
148 329 200 382 iam
210 328 287 381 dente
295 327 386 380 minus
396 326 516 382 mordeor
525 327 626 383 invido.

77 405 110 470 Ο,
120 403 259 456 testudinis
269 419 361 456 aureae

114 477 217 531 dulcem
228 494 296 548 quae
304 477 452 546 strepitum,
464 476 540 540 Pieri,
553 483 689 548 temperas,

78 571 93 607 o
103 553 183 605 mutis
193 568 298 622 quoque
307 551 425 621 piscibus

114 626 240 679 donatura
250 627 335 698 cycni,
347 625 370 677 si
382 623 468 687 libeat,
480 640 590 681 sonum:

78 709 160 756 totum
171 701 288 753 muneris
297 700 346 753 hoo
356 699 394 751 tui
404 706 450 762 est,

115 774 187 846 quod
197 783 325 827 monstror
336 773 419 844 digito
427 773 647 842 praetereuntium

78 848 311 905 Romanae-fidicen
322 848 406 920 lyrae:

116 923 187 994 quod
196 923 268 994 spiro
276 931 301 976 et
310 921 408 992 plaoeo,
420 920 443 974 si
454 919 551 990 placen,
565 927 640 974 tuum
650 928 698 974 est.

274 1147 276 1152 ·
321 1133 345 1188 0
376 1134 406 1188 D
437 1132 463 1186 E
522 1131 586 1188 IV.

249 1248 300 1292 nn
334 1249 471 1292 ununu
505 1249 653 1293 nonan

78 1451 265 1500 Drusum,Arrgurti
274 1451 398 1500 privignum,
406 1452 430 1489 ob
439 1452 545 1492 victoriam
555 1455 579 1491 de
584 1454 695 1492 Vindelicis
703 1460 821 1504 reportatum

324 1515 417 1551 celebrat.
441 1519 503 1554 Matr.
512 1517 571 1554 XVI.

117 1605 235 1679 Qualem
245 1614 398 1667 ministrum
407 1613 529 1669 fulminis
539 1614 637 1679 alitem,
651 1671 657 1679 ,

115 1689 159 1744 oui
170 1706 215 1742 rex
226 1688 334 1742 deorum
344 1706 457 1761 reguum
467 1689 494 1742 in
506 1707 568 1744 avos
578 1706 658 1762 vagas

153 1763 280 1833 permisit,
291 1771 414 1832 expertus
427 1763 529 1815 fidelem

190 1837 287 1906 Iupiter
297 1837 325 1889 in
336 1835 489 1907 Ganymede
499 1833 574 1898 flavo,

114 1928 179 1981 olim
190 1927 309 1982 iuventas
319 1934 344 1980 et
352 1928 453 1996 patrius
463 1926 539 1998 vigor

115 2001 178 2055 nido
189 2001 308 2056 laborum
319 2001 434 2072 propulit
444 2001 567 2065 inscium,

155 2076 290 2146 vernique,
301 2077 354 2129 iam
364 2076 463 2128 nimbis
474 2075 588 2140 remotis,

190 2149 308 2204 insolitos
318 2148 511 2204 doouerenisus

110 2241 187 2294 uenti
197 2248 348 2310 paventem3
370 2259 432 2294 mox
444 2242 472 2294 in
480 2240 561 2295 ovilia

115 2315 221 2368 demisit
231 2315 332 2368 hostem
342 2315 449 2368 vividus
460 2316 581 2384 impetus,

154 2405 227 2442 mmo
237 2389 265 2441 iu
274 2389 428 2442 reluctantes
436 2389 561 2442 dracones

191 2462 244 2534 egit
254 2480 327 2518 amor
335 2463 411 2533 dapis
420 2470 498 2533 atquo
506 2477 625 2534 pugnae3
697 2465 699 2470 ’

115 2551 256 2620 qualemve
266 2554 339 2607 laetis
347 2571 437 2624 caprea
447 2553 551 2623 pasouis
660 2543 662 2551 ¹

115 2624 225 2689 intenta,
236 2626 557 2684 fulvaomatrisabubere

117 2700 244 2773 lIOMTlUS.
