2067 3067
346 155 495 204 LIBER
529 159 586 206 111.

128 270 192 308 rave
201 252 343 310 decurrens
352 255 414 328 lupa
424 258 564 314 Lanuvino

153 328 158 336 '
202 327 306 402 fetaque
316 331 423 404 vulpes:

127 435 233 498 rumpat
242 435 267 481 st
276 445 384 501 serpens
393 431 442 484 iter
451 431 612 499 institutum,

127 501 207 572 siper
215 502 366 575 obliquum,
377 505 473 560 similis
483 508 601 580 sagittae,

128 577 220 630 terruit
228 594 350 632 mannos.
388 581 446 653 Ego
455 583 615 650 ouitimebo,

200 651 329 721 providus
339 671 448 725 auspex,

126 761 268 826 antequam
278 764 374 812 stantes
385 767 481 830 repetat
493 761 603 832 paludes

106 833 112 844 ⁰
126 829 253 884 imbrium
264 831 356 886 divina
366 834 423 887 avis
434 835 631 902 imminentum‚

125 904 241 958 oscinem
250 922 360 961 oorvum
370 925 445 978 preoe
454 911 588 966 suscitabo

200 979 263 1033 solis
272 980 384 1036 abortu.

125 1085 168 1141 Sis
176 1085 236 1142 lioet
244 1087 317 1155 felix,
329 1091 484 1166 ubicunque
493 1094 590 1159 mavis,

124 1169 150 1215 et
160 1163 260 1217 memor
270 1166 361 1231 nostri,
373 1165 488 1232 Galatea,
500 1169 590 1238 vivas3

124 1243 202 1309 teque
211 1256 260 1292 nec
269 1238 361 1295 laevus
370 1250 440 1296 vetet
448 1243 486 1297 ire
495 1243 581 1315 pious',

200 1330 248 1367 neo
257 1332 325 1388 vaga
334 1317 436 1372 oornix.

23 1451 28 1458 ·
123 1419 175 1474 Sed
187 1420 269 1487 vides,
281 1432 381 1496 quanto
389 1427 499 1501 trepidet
508 1427 627 1484 tumultu

122 1512 223 1565 pronus
233 1495 325 1553 Orion.
364 1501 429 1573 Ego,
441 1503 507 1573 quid
517 1504 551 1556 sit
561 1512 614 1557 ater

122 1569 243 1636 Hadriae,
256 1574 328 1639 novi,
339 1575 425 1642 sinus,
436 1584 461 1629 et
471 1577 537 1648 quid
547 1578 624 1632 albus

198 1649 389 1722 peooetlapyx.

123 1755 244 1809 Hostium
255 1775 351 1811 uxores
360 1760 489 1830 puerique
501 1777 590 1813 caecos

123 1831 238 1884 sentiant
247 1840 334 1886 motus
344 1834 451 1886 orientis
460 1835 560 1897 Austri,
571 1841 596 1887 et

123 1906 244 1976 aequoris
254 1908 324 1980 nigri
335 1906 478 1973 fremitum,
491 1915 516 1962 et
526 1917 665 1964 trementes

198 1981 306 2035 verbere
315 1983 397 2054 ripas.

123 2086 167 2140 Sio
175 2089 312 2162 etEurope
322 2091 431 2146 niveum
441 2091 531 2148 doloso
625 2129 628 2136 ι

123 2162 233 2218 credidit
241 2172 316 2219 taum
326 2165 402 2232 latus,
414 2176 439 2221 et
451 2176 591 2224 scatentem

121 2236 219 2292 belluis
229 2248 341 2310 pontum
352 2242 505 2315 mediasque
513 2243 619 2299 fraudas

196 2314 291 2385 palluit
300 2316 398 2372 audax.

122 2421 212 2491 Nuper
219 2423 249 2488 vin
259 2426 340 2495 pratis
350 2426 466 2482 studiosa
475 2426 571 2482 florum
581 2437 606 2484 et

122 2494 223 2552 debitae
232 2500 366 2572 Nymphis
375 2502 463 2572 opifex
472 2521 590 2568 coronae,

121 2579 195 2626 noote
204 2574 333 2630 sublustri
344 2576 411 2630 nibil
420 2587 489 2632 astra
497 2586 599 2650 praeter

196 2648 263 2703 vidit
271 2659 296 2704 et
305 2651 401 2707 undas.
434 2721 438 2729 Ι
