2067 3067
229 133 277 184 454
500 138 697 184 EPODON

263 236 347 291 Movit
356 242 475 306 nepotem
485 237 615 308 Telephus
626 239 757 302 Nereium,

264 311 292 364 iu
303 329 382 382 quem
392 313 522 382 superbus
533 313 664 366 ordinarat
674 313 779 384 agmina

264 386 410 458 Mysorum,
422 394 447 439 et
457 389 484 440 iu
494 405 575 457 quern
587 386 634 439 tela
645 395 718 440 acuta
729 395 843 440 torserat.

263 461 367 514 quere
377 470 471 514 matres
481 461 542 514 Iliae
551 461 684 514 addietum
696 460 755 513 ieris

264 534 371 588 alitibus
381 544 459 605 atque
468 537 579 588 oauibus
590 535 748 588 homicidam
758 537 899 600 Hectorem,

264 619 403 681 postquam
415 610 510 662 relictis
521 611 658 664 moenibus
669 627 714 662 rex
724 611 833 679 procidit

263 684 328 738 heu!
350 685 492 754 pervicacis
502 685 535 737 ad
548 685 625 754 pedes
636 684 755 737 Achillei.

263 759 348 812 Setosa
360 759 434 812 duris
443 777 538 812 exuere
548 759 661 829 pellibus

265 833 384 887 laboriosi
400 835 511 906 remiges
522 835 614 898 Ulixei,

265 908 365 962 volente
376 909 459 972 Circa,
471 910 588 963 membra
598 931 603 962 :
625 916 688 961 tuno
698 927 772 962 meus
783 915 807 961 et
816 925 896 962 sonus

265 982 392 1052 relapsus
404 993 480 1052 atque
491 994 568 1037 notus
579 985 605 1036 iu
619 983 707 1036 vultus
719 985 810 1038 bonor.

264 1057 327 1109 Dedi
337 1059 399 1109 satis
410 1076 541 1128 superque
552 1076 691 1128 poenarum
704 1059 759 1117 tibi,

265 1140 348 1183 amata
360 1134 445 1183 nautis
457 1133 569 1184 multum
582 1140 605 1183 et
617 1133 787 1185 institoribus,

264 1205 344 1275 Fugit
355 1204 482 1266 iuventas
494 1215 519 1256 et
531 1205 691 1257 verecundus
702 1205 770 1258 color

264 1278 370 1348 reliquit
379 1296 437 1331 ossa
449 1278 514 1347 pelle
524 1280 616 1330 amiota
629 1278 727 1346 lurida;

265 1353 317 1405 tuis
327 1353 438 1421 capillus
449 1352 525 1405 albus
535 1361 572 1404 est
584 1351 717 1416 odoribuS,

264 1427 368 1479 nullum
380 1427 413 1479 ab
425 1426 510 1479 labore
522 1443 563 1478 me
573 1426 680 1490 reclinat
689 1427 772 1479 otium
781 1444 800 1479 :-·

188 1513 197 1521 '
264 1511 340 1573 urget
350 1501 419 1553 diem
432 1518 483 1554 uox
493 1509 517 1552 et
528 1501 583 1553 dies
595 1510 702 1564 noctem,
716 1517 800 1571 neque
810 1507 848 1553 est

265 1573 350 1629 levare
361 1585 427 1628 tenta
438 1576 531 1646 spiritu
544 1575 700 1645 praecordia.

265 1652 335 1723 Ergo
346 1661 467 1723 negatum
480 1652 569 1704 vincor
579 1659 609 1703 ut
618 1650 718 1703 credam
731 1650 819 1715 miser,

265 1726 365 1779 Sabella
378 1736 466 1796 peetus
477 1727 609 1797 inerepare
619 1726 743 1789 earmina,

266 1812 395 1871 caputque
406 1803 488 1855 Marsa
500 1802 614 1854 dissilire
627 1802 713 1854 uenia.

265 1875 334 1940 Quid
345 1877 459 1946 amplius
471 1876 528 1929 vis‘l
547 1877 569 1930 Ο
581 1894 658 1939 mare,
671 1894 686 1930 o
697 1877 774 1928 terrai
796 1873 880 1937 ardeo,

266 1959 394 2020 quantum
407 1969 491 2021 neque
501 1960 555 2004 atro
568 1951 700 2003 delibutus
711 1949 831 2003 Hercules

265 2026 339 2077 Nessi
350 2042 449 2083 eruore,
464 2042 510 2076 nee
520 2025 611 2076 Sicana
622 2025 720 2077 fervida

264 2097 353 2151 furens
365 2099 391 2150 iu
402 2100 482 2150 Aetna
494 2097 607 2151 damma.
647 2100 696 2162 Tu,
708 2099 789 2151 doueo
798 2097 864 2150 einis

265 2173 399 2226 iniuriosis
410 2172 499 2224 aridus
511 2173 594 2224 veutis
607 2171 680 2235 seror,

264 2248 332 2300 cales
344 2248 450 2299 venenis
463 2246 565 2299 officina
577 2246 714 2299 Colchicis,

264 2321 336 2386 Quae
348 2322 407 2374 linis
418 2330 462 2374 aut
472 2320 542 2391 quod
555 2338 595 2372 me
607 2329 692 2372 munet
705 2305 882 2388 stipendium‘.l

263 2395 360 2448 Ellare:
384 2397 468 2448 iussas
481 2413 541 2448 cum
554 2395 603 2447 lide
615 2413 709 2465 poenas
721 2394 800 2458 luam,

263 2482 369 2541 pariitus
379 2472 492 2540 expiare,
505 2489 550 2523 seu
563 2470 709 2540 poposceris

263 2555 367 2598 eentum
381 2548 511 2608 iuvencos,
525 2547 580 2598 sive
591 2544 706 2600 mendaci
719 2543 775 2616 lyra

265 2619 337 2675 voles
347 2625 447 2676 sonari:
470 2620 611 2692 tupudica,
626 2629 653 2674 tu
664 2621 744 2693 proba
