2067 3067
140 148 142 153 ·
216 130 249 181 78
487 132 688 180 ODARUM
747 141 750 147 '

253 234 376 289 Fecunda
385 232 478 304 eulpae
486 221 573 300 seorila
584 233 689 302 nuptias

254 309 372 378 primum
382 309 554 378 inquinavere
563 314 588 361 et
597 324 682 380 genus
691 313 716 360 et
728 306 832 360 domos:

292 383 342 436 boo
350 381 420 435 fonte
429 381 545 436 derivata
554 380 640 448 clades

329 457 357 508 in
367 456 477 526 patriam
487 455 671 526 populumque
679 455 764 508 fluxit.

255 564 340 618 Motus
350 562 435 618 dooeri
444 562 542 634 gaudet
552 563 652 616 Ionicos

255 645 357 691 matura
367 637 450 708 virgo,
462 642 487 688 el
495 636 605 707 lingitur
615 636 715 689 artibus

292 713 345 764 iam
354 727 435 774 nunc,
446 717 471 762 et
480 710 592 762 inceslbs
603 727 705 763 amores

234 786 236 790 ’
329 785 362 838 de
372 792 458 838 tenero
468 783 608 838 meditatur
618 785 714 856 ungui.

254 893 316 946 Mox
326 881 441 945 iuniores
452 892 554 962 quaerit
562 890 693 945 adulteros

256 967 323 1021 inter
332 967 419 1018 mariti
428 967 504 1032 vina;
526 982 613 1036 neque
622 964 704 1038 eligit,

292 1039 335 1093 cui
345 1039 423 1093 donet
432 1040 597 1109 impermissa
609 1039 705 1109 raptim

289 1163 297 1176 ,
328 1113 434 1184 gaudia,
446 1112 594 1166 luminibus
604 1112 722 1166 remotis:

255 1220 301 1274 sed
311 1220 383 1273 iussa
392 1236 488 1283 eoram,
498 1226 553 1273 'non
563 1219 621 1270 sine
630 1217 733 1271 conscio

256 1294 342 1369 surgit
350 1294 452 1356 marito,
467 1310 513 1345 seu
523 1299 597 1346 vocal
607 1292 717 1356 institor,

291 1386 338 1439 seu
349 1367 424 1421 navis
434 1367 564 1437 Hispanae
573 1367 705 1437 magister,

328 1441 484 1494 dedecorum
494 1441 624 1510 pretiosus
636 1447 728 1493 emtor.

254 1551 312 1602 Non
322 1549 365 1601 bis
376 1549 500 1602 iuventus
509 1555 564 1602 orta
574 1548 727 1618 parentibus

255 1622 344 1677 infecit
353 1639 451 1692 aequor
461 1624 591 1695 sanguine
600 1623 707 1685 Punico,

291 1697 486 1770 Pyrrhumque,
498 1705 523 1750 et
532 1697 665 1768 ingentem
676 1694 768 1749 cecidit

329 1770 497 1836 Antiochum,
509 1770 737 1840 Hannibalemque
745 1769 857 1822 durum:

253 1879 300 1931 sed
309 1880 466 1933 rusticorum
477 1878 594 1934 mascula
604 1877 720 1930 mililum

253 1952 348 2022 proles,
360 1953 470 2006 Sabellis
475 1953 553 2017 ‚docta
564 1951 700 2023 ligonibus

291 2043 395 2079 versare
404 2025 503 2096 glebas,
515 2033 541 2078 et
550 2039 654 2077 severae

329 2099 420 2150 matris
430 2098 463 2150 ad
472 2098 610 2151 arbitrium
620 2095 715 2149 recisos

252 2206 354 2270 portare
363 2199 454 2264 fustes,
467 2200 510 2253 Sol
522 2200 569 2254 ubi
579 2199 709 2253 montium

253 2280 365 2326 mutaret
374 2275 492 2338 umbras,
503 2282 528 2328 et
538 2275 600 2346 iuga
611 2273 724 2326 demeret

290 2348 376 2401 bobus
386 2347 508 2420 fatigatis,
520 2348 636 2402 amioum

328 2428 433 2491 tempus
441 2439 522 2494 agens
532 2422 644 2476 abeunte
652 2439 742 2474 curru.

177 2533 188 2571 5
253 2523 383 2576 Damnosa
393 2522 459 2593 quid
468 2540 522 2576 non
532 2522 667 2576 imminuit
679 2520 753 2576 dies?

254 2593 330 2648 Aetas
337 2603 485 2667 parentum,
496 2597 569 2668 peior
577 2597 643 2663 avis,
655 2595 716 2651 tulit
