2067 3067
313 185 461 232 LIBER
496 185 550 230 111.

99 295 167 356 Non,
178 289 202 344 si
211 287 279 361 quid
288 285 402 341 Pholoen
412 285 484 348 setis,

135 373 161 420 et
169 372 203 429 te,
214 362 313 427 Chlori,
325 361 410 414 deest:
432 359 486 412 fiiis
495 358 591 412 muns

8 448 20 505 ἶ·
99 445 234 514 expugnat
242 439 371 492 iuvenum
381 432 481 498 domos,

136 514 215 587 pulso
223 511 322 585 Thyias
332 510 371 563 uti
381 509 480 563 eeneite
493 515 628 580 tympano.
835 513 861 554 iu

100 590 175 644 Illam
184 587 254 660 uegit
263 601 336 640 amer
345 583 425 639 Nothi

137 663 250 718 lascivae
258 658 374 714 similem
383 656 474 712 ludere
485 673 603 729 capreae:
801 661 818 690 ⁰

101 737 210 793 telanae
217 751 299 807 prope
307 730 423 789 nobilem

138 821 228 868 tonsae
237 808 385 873 quenum,
395 824 449 861 nen
458 805 581 870 citherae,
593 803 696 872 deuant,

103 885 367 957 neeflespurpureus
376 898 463 948 rosee;
838 885 863 926 15

140 978 189 1018 nee
197 959 262 1033 poti,
273 956 398 1023 vetulam,
408 955 477 1011 fasee
486 961 562 1010 tenus
571 951 640 1008 uadi.

287 1171 313 1228 0
342 1170 373 1226 D
402 1169 429 1224 Ε
487 1166 593 1223 xvl.

166 1291 213 1334 sn
237 1290 262 1334 e
284 1287 438 1333 c1uu1uu
459 1282 719 1331 usncnuurnrn

70 1500 94 1536 ln
103 1496 204 1547 principio
217 1492 334 1532 uiritim
341 1483 433 1542 posenni
440 1488 540 1527 illustret·
545 1515 553 1534 ,
566 1501 607 1526 me
616 1486 662 1526 dein
672 1469 713 1524 suis
726 1490 812 1523 eonten-

222 1562 266 1594 tun
274 1556 328 1594 vell·
335 1554 404 1593 virm
413 1553 477 1590 deest.
500 1555 563 1592 uotr.
572 1551 652 1590 XVIII.

106 1650 242 1714 Inclusam
251 1657 357 1710 Danaen
365 1653 445 1709 turris
454 1651 552 1707 ahenea

108 1734 283 1802 robustaeque
291 1729 359 1786 fores
368 1736 394 1783 et
402 1726 516 1801 vigilum
526 1742 630 1780 eanum-

107 1809 195 1862 tristes
204 1805 330 1860 excubiae
337 1803 488 1858 munierant
496 1801 560 1855 satis

182 1880 317 1935 nocturnis
327 1878 361 1933 ab
369 1876 503 1940 adulteris,

108 1974 132 2026 si
141 1989 195 2026 non
205 1970 347 2034 Acrisium,
358 1968 471 2042 virginis
480 1965 582 2022 abditae

109 2046 243 2102 antonem
251 2043 389 2117 pavidum,
402 2041 500 2114 Iupiter
508 2048 534 2096 et
543 2040 632 2096 Venus

108 2121 241 2175 risissent:
262 2118 316 2174 fore
324 2119 395 2173 enim
405 2124 493 2172 tutum
503 2117 551 2170 iter
560 2121 585 2169 et
593 2121 684 2187 petens

184 2211 310 2250 converso
317 2194 347 2248 in
356 2192 469 2266 pretium
478 2190 537 2246 deo.

109 2285 213 2341 Aurum
223 2303 270 2358 per
278 2284 379 2344 medies
388 2284 426 2339 ire
434 2281 565 2344 satellites,

108 2369 136 2416 et
144 2377 313 2432 perrumpere
321 2368 391 2414 amet
398 2375 471 2422 sexa,
482 2354 613 2429 potentius

109 2437 164 2491 ictu
172 2435 310 2491 fulmineo.
349 2433 468 2490 Concidit
477 2428 587 2504 auguris

185 2510 278 2584 Argivi
288 2509 392 2574 demus,
403 2508 437 2563 ob
447 2506 552 2583 lucrum

109 2602 229 2658 demersa
237 2603 330 2658 exitio:
351 2599 448 2656 diffidit
458 2597 567 2654 urbium

112 2685 199 2750 portes
208 2678 251 2736 vir
260 2677 374 2743 uaoedo,
385 2683 411 2731 et
418 2672 525 2730 subruit
533 2667 650 2726 aemulos
