<?xml version="1.0" encoding="UTF-8"?>
<!DOCTYPE html PUBLIC "-//W3C//DTD XHTML 1.0 Transitional//EN"
    "http://www.w3.org/TR/xhtml1/DTD/xhtml1-transitional.dtd">
<html xmlns="http://www.w3.org/1999/xhtml" xml:lang="en" lang="en">
 <head>
  <title>
</title>
<meta http-equiv="Content-Type" content="text/html;charset=utf-8" />
  <meta name='ocr-system' content='tesseract 3.04.00' />
  <meta name='ocr-capabilities' content='ocr_page ocr_carea ocr_par ocr_line ocrx_word'/>
</head>
<body>
  <div class='ocr_page' id='page_1' title='image "./qhoratiiflaccio01weisgoog_0209.png"; bbox 0 0 2067 3067; ppageno 0'>
   <div class='ocr_carea' id='block_1_1' title="bbox 240 130 728 188">
    <p class='ocr_par' dir='ltr' id='par_1_1' title="bbox 240 130 728 188">
     <span class='ocr_line' id='line_1_1' title="bbox 240 130 728 188; baseline -0.004 -1"><span class='ocrx_word' id='word_1_1' title='bbox 240 130 287 188; x_wconf 77' lang='grc'>196</span> <span class='ocrx_word' id='word_1_2' title='bbox 488 137 728 188; x_wconf 64' lang='lat' dir='ltr'>sarnanum</span> 
     </span>
    </p>
   </div>
   <div class='ocr_carea' id='block_1_2' title="bbox 182 237 984 1430">
    <p class='ocr_par' dir='ltr' id='par_1_2' title="bbox 183 237 945 609">
     <span class='ocr_line' id='line_1_2' title="bbox 183 237 836 311; baseline 0 -18"><span class='ocrx_word' id='word_1_3' title='bbox 183 249 210 293; x_wconf 81' lang='lat' dir='ltr'>to</span> <span class='ocrx_word' id='word_1_4' title='bbox 237 237 379 311; x_wconf 87' lang='lat' dir='ltr'>perlectum</span> <span class='ocrx_word' id='word_1_5' title='bbox 390 239 543 306; x_wconf 82' lang='lat' dir='ltr'>traheretur,</span> <span class='ocrx_word' id='word_1_6' title='bbox 557 248 583 295; x_wconf 89' lang='lat' dir='ltr'>et</span> <span class='ocrx_word' id='word_1_7' title='bbox 591 241 621 294; x_wconf 91' lang='lat' dir='ltr'>in</span> <span class='ocrx_word' id='word_1_8' title='bbox 629 256 708 295; x_wconf 87' lang='lat' dir='ltr'>versu</span> <span class='ocrx_word' id='word_1_9' title='bbox 718 238 836 294; x_wconf 82' lang='lat' dir='ltr'>faciendo</span> 
     </span>
     <span class='ocr_line' id='line_1_3' title="bbox 239 314 898 387; baseline 0.003 -20"><span class='ocrx_word' id='word_1_10' title='bbox 239 330 316 384; x_wconf 88' lang='lat' dir='ltr'>saepe</span> <span class='ocrx_word' id='word_1_11' title='bbox 325 322 403 385; x_wconf 88' lang='lat' dir='ltr'>caput</span> <span class='ocrx_word' id='word_1_12' title='bbox 413 315 541 381; x_wconf 79' lang='lat' dir='ltr'>scaberet,</span> <span class='ocrx_word' id='word_1_13' title='bbox 553 316 629 371; x_wconf 87' lang='lat' dir='ltr'>vivos</span> <span class='ocrx_word' id='word_1_14' title='bbox 639 323 664 369; x_wconf 91' lang='lat' dir='ltr'>et</span> <span class='ocrx_word' id='word_1_15' title='bbox 673 314 774 369; x_wconf 91' lang='lat' dir='ltr'>roderet</span> <span class='ocrx_word' id='word_1_16' title='bbox 783 332 898 387; x_wconf 73' lang='lat' dir='ltr'>ungues.</span> 
     </span>
     <span class='ocr_line' id='line_1_4' title="bbox 238 388 945 463; baseline 0.001 -20"><span class='ocrx_word' id='word_1_17' title='bbox 238 388 320 459; x_wconf 81' lang='lat' dir='ltr'>Saepe</span> <span class='ocrx_word' id='word_1_18' title='bbox 329 389 429 463; x_wconf 80' lang='lat' dir='ltr'>stylum</span> <span class='ocrx_word' id='word_1_19' title='bbox 438 397 532 453; x_wconf 88' lang='lat' dir='ltr'>vertas,</span> <span class='ocrx_word' id='word_1_20' title='bbox 544 391 638 444; x_wconf 91' lang='lat' dir='ltr'>iterum</span> <span class='ocrx_word' id='word_1_21' title='bbox 649 408 717 462; x_wconf 90' lang='lat' dir='ltr'>quae</span> <span class='ocrx_word' id='word_1_22' title='bbox 727 390 809 462; x_wconf 87' lang='lat' dir='ltr'>digna</span> <span class='ocrx_word' id='word_1_23' title='bbox 819 390 870 461; x_wconf 82' lang='lat' dir='ltr'>legi</span> <span class='ocrx_word' id='word_1_24' title='bbox 881 390 945 457; x_wconf 91' lang='lat' dir='ltr'>sint,</span> 
     </span>
     <span class='ocr_line' id='line_1_5' title="bbox 238 463 932 536; baseline 0.001 -18"><span class='ocrx_word' id='word_1_25' title='bbox 238 464 397 534; x_wconf 75' lang='lat' dir='ltr'>scripturus,</span> <span class='ocrx_word' id='word_1_26' title='bbox 422 482 516 536; x_wconf 88' lang='lat' dir='ltr'>neque,</span> <span class='ocrx_word' id='word_1_27' title='bbox 530 473 555 518; x_wconf 86' lang='lat' dir='ltr'>te</span> <span class='ocrx_word' id='word_1_28' title='bbox 565 473 593 518; x_wconf 90' lang='lat' dir='ltr'>ut</span> <span class='ocrx_word' id='word_1_29' title='bbox 603 466 714 518; x_wconf 85' lang='lat' dir='ltr'>miretur</span> <span class='ocrx_word' id='word_1_30' title='bbox 724 466 809 529; x_wconf 87' lang='lat' dir='ltr'>turba,</span> <span class='ocrx_word' id='word_1_31' title='bbox 821 463 932 531; x_wconf 85' lang='lat' dir='ltr'>labores,</span> 
     </span>
     <span class='ocr_line' id='line_1_6' title="bbox 236 538 870 609; baseline 0.002 -17"><span class='ocrx_word' id='word_1_32' title='bbox 236 546 371 593; x_wconf 87' lang='lat' dir='ltr'>contentus</span> <span class='ocrx_word' id='word_1_33' title='bbox 381 540 472 609; x_wconf 88' lang='lat' dir='ltr'>paucis</span> <span class='ocrx_word' id='word_1_34' title='bbox 482 538 631 594; x_wconf 86' lang='lat' dir='ltr'>lectoribus.</span> <span class='ocrx_word' id='word_1_35' title='bbox 657 538 699 593; x_wconf 82' lang='lat' dir='ltr'>An</span> <span class='ocrx_word' id='word_1_36' title='bbox 710 547 753 593; x_wconf 93' lang='lat' dir='ltr'>tua</span> <span class='ocrx_word' id='word_1_37' title='bbox 762 538 870 593; x_wconf 86' lang='lat' dir='ltr'>demens</span> 
     </span>
    </p>

    <p class='ocr_par' dir='ltr' id='par_1_3' title="bbox 184 612 984 760">
     <span class='ocr_line' id='line_1_7' title="bbox 184 612 790 669; baseline 0 -4"><span class='ocrx_word' id='word_1_38' title='bbox 184 624 209 665; x_wconf 78' lang='lat'>75</span> <span class='ocrx_word' id='word_1_39' title='bbox 238 612 338 667; x_wconf 86' lang='lat' dir='ltr'>vilibus</span> <span class='ocrx_word' id='word_1_40' title='bbox 348 614 376 667; x_wconf 93' lang='lat' dir='ltr'>in</span> <span class='ocrx_word' id='word_1_41' title='bbox 387 612 457 666; x_wconf 89' lang='lat' dir='ltr'>ludis</span> <span class='ocrx_word' id='word_1_42' title='bbox 468 613 559 667; x_wconf 89' lang='lat' dir='ltr'>dietari</span> <span class='ocrx_word' id='word_1_43' title='bbox 569 615 685 669; x_wconf 87' lang='lat' dir='ltr'>carmina</span> <span class='ocrx_word' id='word_1_44' title='bbox 695 612 790 667; x_wconf 82' lang='lat' dir='ltr'>malis‘l</span> 
     </span>
     <span class='ocr_line' id='line_1_8' title="bbox 237 688 984 760; baseline 0.007 -19"><span class='ocrx_word' id='word_1_45' title='bbox 237 688 296 741; x_wconf 92' lang='lat' dir='ltr'>Non</span> <span class='ocrx_word' id='word_1_46' title='bbox 310 704 371 760; x_wconf 87' lang='lat' dir='ltr'>eg0;</span> <span class='ocrx_word' id='word_1_47' title='bbox 395 705 457 741; x_wconf 94' lang='lat' dir='ltr'>nam</span> <span class='ocrx_word' id='word_1_48' title='bbox 471 694 537 743; x_wconf 76' lang='lat' dir='ltr'>eatis</span> <span class='ocrx_word' id='word_1_49' title='bbox 551 698 596 752; x_wconf 82' lang='lat' dir='ltr'>eat,</span> <span class='ocrx_word' id='word_1_50' title='bbox 611 694 720 758; x_wconf 79' lang='lat' dir='ltr'>equitem</span> <span class='ocrx_word' id='word_1_51' title='bbox 732 692 797 743; x_wconf 75' lang='lat' dir='ltr'>miti</span> <span class='ocrx_word' id='word_1_52' title='bbox 808 693 942 757; x_wconf 79' lang='lat' dir='ltr'>plaudere,</span> <span class='ocrx_word' id='word_1_53' title='bbox 955 701 984 746; x_wconf 89' lang='lat' dir='ltr'>ut</span> 
     </span>
    </p>

    <p class='ocr_par' dir='ltr' id='par_1_4' title="bbox 732 763 829 828">
     <span class='ocr_line' id='line_1_9' title="bbox 732 763 829 828; baseline -0.01 -11"><span class='ocrx_word' id='word_1_54' title='bbox 732 763 829 828; x_wconf 85' lang='lat' dir='ltr'>audax,</span> 
     </span>
    </p>

    <p class='ocr_par' dir='ltr' id='par_1_5' title="bbox 236 836 917 1059">
     <span class='ocr_line' id='line_1_10' title="bbox 237 836 830 908; baseline 0.002 -19"><span class='ocrx_word' id='word_1_55' title='bbox 237 837 390 907; x_wconf 88' lang='lat' dir='ltr'>contemptis</span> <span class='ocrx_word' id='word_1_56' title='bbox 400 836 468 901; x_wconf 86' lang='lat' dir='ltr'>aliis,</span> <span class='ocrx_word' id='word_1_57' title='bbox 479 836 586 908; x_wconf 82' lang='lat' dir='ltr'>explosa</span> <span class='ocrx_word' id='word_1_58' title='bbox 596 836 744 892; x_wconf 77' lang='lat' dir='ltr'>Arbuscula</span> <span class='ocrx_word' id='word_1_59' title='bbox 752 838 830 892; x_wconf 82' lang='lat' dir='ltr'><strong>dixit.</strong></span> 
     </span>
     <span class='ocr_line' id='line_1_11' title="bbox 236 911 917 985; baseline 0.003 -19"><span class='ocrx_word' id='word_1_60' title='bbox 236 912 302 966; x_wconf 87' lang='lat' dir='ltr'>Men&#39;</span> <span class='ocrx_word' id='word_1_61' title='bbox 313 919 415 967; x_wconf 87' lang='lat' dir='ltr'>moveat</span> <span class='ocrx_word' id='word_1_62' title='bbox 424 913 510 966; x_wconf 85' lang='lat' dir='ltr'>cimex</span> <span class='ocrx_word' id='word_1_63' title='bbox 520 911 657 977; x_wconf 86' lang='lat' dir='ltr'>Pantilius,</span> <span class='ocrx_word' id='word_1_64' title='bbox 670 921 715 966; x_wconf 84' lang='lat' dir='ltr'>aut</span> <span class='ocrx_word' id='word_1_65' title='bbox 727 914 832 978; x_wconf 88' lang='lat' dir='ltr'>cruciet,</span> <span class='ocrx_word' id='word_1_66' title='bbox 844 914 917 985; x_wconf 90' lang='lat' dir='ltr'>quod</span> 
     </span>
     <span class='ocr_line' id='line_1_12' title="bbox 236 985 902 1059; baseline 0.003 -20"><span class='ocrx_word' id='word_1_67' title='bbox 236 985 339 1039; x_wconf 84' lang='lat' dir='ltr'>vellicet</span> <span class='ocrx_word' id='word_1_68' title='bbox 348 986 482 1041; x_wconf 85' lang='lat' dir='ltr'>absentem</span> <span class='ocrx_word' id='word_1_69' title='bbox 495 988 651 1052; x_wconf 88' lang='lat' dir='ltr'>Demetrius,</span> <span class='ocrx_word' id='word_1_70' title='bbox 663 994 708 1041; x_wconf 92' lang='lat' dir='ltr'>aut</span> <span class='ocrx_word' id='word_1_71' title='bbox 717 987 789 1059; x_wconf 91' lang='lat' dir='ltr'>quod</span> <span class='ocrx_word' id='word_1_72' title='bbox 797 988 902 1059; x_wconf 88' lang='lat' dir='ltr'>ineptus</span> 
     </span>
    </p>

    <p class='ocr_par' dir='ltr' id='par_1_6' title="bbox 182 1060 946 1430">
     <span class='ocr_line' id='line_1_13' title="bbox 182 1060 877 1135; baseline 0.006 -23"><span class='ocrx_word' id='word_1_73' title='bbox 182 1072 207 1112; x_wconf 80' lang='lat' dir='ltr'>ae</span> <span class='ocrx_word' id='word_1_74' title='bbox 236 1060 354 1115; x_wconf 87' lang='lat' dir='ltr'>Fannius</span> <span class='ocrx_word' id='word_1_75' title='bbox 365 1062 536 1133; x_wconf 80' lang='lat' dir='ltr'>Hermogenis</span> <span class='ocrx_word' id='word_1_76' title='bbox 546 1062 631 1116; x_wconf 85' lang='lat' dir='ltr'>laedat</span> <span class='ocrx_word' id='word_1_77' title='bbox 640 1062 751 1117; x_wconf 89' lang='lat' dir='ltr'>conviva</span> <span class='ocrx_word' id='word_1_78' title='bbox 765 1062 877 1135; x_wconf 77' lang='lat' dir='ltr'>Tigelli?</span> 
     </span>
     <span class='ocr_line' id='line_1_14' title="bbox 236 1134 829 1209; baseline 0.007 -22"><span class='ocrx_word' id='word_1_79' title='bbox 236 1134 335 1187; x_wconf 88' lang='lat' dir='ltr'>Plotius</span> <span class='ocrx_word' id='word_1_80' title='bbox 344 1142 369 1188; x_wconf 90' lang='lat' dir='ltr'>et</span> <span class='ocrx_word' id='word_1_81' title='bbox 378 1136 482 1201; x_wconf 88' lang='lat' dir='ltr'>Varius,</span> <span class='ocrx_word' id='word_1_82' title='bbox 495 1137 629 1190; x_wconf 88' lang='lat' dir='ltr'>Maecenas</span> <span class='ocrx_word' id='word_1_83' title='bbox 639 1136 829 1209; x_wconf 82' lang='lat' dir='ltr'>virgiliusque,</span> 
     </span>
     <span class='ocr_line' id='line_1_15' title="bbox 236 1207 930 1286; baseline 0.004 -23"><span class='ocrx_word' id='word_1_84' title='bbox 236 1207 356 1280; x_wconf 79' lang='lat' dir='ltr'>Valgius,</span> <span class='ocrx_word' id='word_1_85' title='bbox 368 1216 394 1261; x_wconf 92' lang='lat' dir='ltr'>et</span> <span class='ocrx_word' id='word_1_86' title='bbox 401 1209 492 1278; x_wconf 91' lang='lat' dir='ltr'>probet</span> <span class='ocrx_word' id='word_1_87' title='bbox 501 1209 566 1263; x_wconf 89' lang='lat' dir='ltr'>haee</span> <span class='ocrx_word' id='word_1_88' title='bbox 577 1210 702 1264; x_wconf 90' lang='lat' dir='ltr'>Octavius</span> <span class='ocrx_word' id='word_1_89' title='bbox 711 1213 836 1281; x_wconf 89' lang='lat' dir='ltr'>optimus,</span> <span class='ocrx_word' id='word_1_90' title='bbox 852 1220 930 1286; x_wconf 86' lang='lat' dir='ltr'>atque</span> 
     </span>
     <span class='ocr_line' id='line_1_16' title="bbox 236 1283 946 1359; baseline 0.008 -24"><span class='ocrx_word' id='word_1_91' title='bbox 236 1283 347 1347; x_wconf 89' lang='lat' dir='ltr'>Fuscus,</span> <span class='ocrx_word' id='word_1_92' title='bbox 360 1283 458 1336; x_wconf 85' lang='lat' dir='ltr'>ethaeo</span> <span class='ocrx_word' id='word_1_93' title='bbox 467 1284 570 1337; x_wconf 91' lang='lat' dir='ltr'>utinam</span> <span class='ocrx_word' id='word_1_94' title='bbox 580 1285 716 1339; x_wconf 87' lang='lat' dir='ltr'>Viscorum</span> <span class='ocrx_word' id='word_1_95' title='bbox 729 1286 816 1340; x_wconf 87' lang='lat' dir='ltr'>laudet</span> <span class='ocrx_word' id='word_1_96' title='bbox 827 1295 946 1359; x_wconf 87' lang='lat' dir='ltr'>uterque.</span> 
     </span>
     <span class='ocr_line' id='line_1_17' title="bbox 235 1354 774 1430; baseline 0.009 -21"><span class='ocrx_word' id='word_1_97' title='bbox 235 1354 385 1410; x_wconf 85' lang='lat' dir='ltr'>Ambitione</span> <span class='ocrx_word' id='word_1_98' title='bbox 394 1356 514 1430; x_wconf 86' lang='lat' dir='ltr'>relegata,</span> <span class='ocrx_word' id='word_1_99' title='bbox 528 1365 553 1411; x_wconf 86' lang='lat' dir='ltr'>te</span> <span class='ocrx_word' id='word_1_100' title='bbox 561 1357 646 1412; x_wconf 90' lang='lat' dir='ltr'>dicere</span> <span class='ocrx_word' id='word_1_101' title='bbox 655 1377 774 1430; x_wconf 89' lang='lat' dir='ltr'>possum,</span> 
     </span>
    </p>
   </div>
   <div class='ocr_carea' id='block_1_3' title="bbox 81 1429 875 1507">
    <p class='ocr_par' dir='ltr' id='par_1_7' title="bbox 81 1429 875 1507">
     <span class='ocr_line' id='line_1_18' title="bbox 81 1429 875 1507; baseline 0.009 -25"><span class='ocrx_word' id='word_1_102' title='bbox 81 1490 83 1493; x_wconf 47' lang='grc'><strong>,</strong></span> <span class='ocrx_word' id='word_1_103' title='bbox 182 1442 207 1483; x_wconf 78' lang='lat'>85</span> <span class='ocrx_word' id='word_1_104' title='bbox 236 1429 326 1494; x_wconf 88' lang='lat' dir='ltr'>Pollio,</span> <span class='ocrx_word' id='word_1_105' title='bbox 339 1438 372 1494; x_wconf 90' lang='lat' dir='ltr'>te,</span> <span class='ocrx_word' id='word_1_106' title='bbox 385 1430 504 1497; x_wconf 84' lang='lat' dir='ltr'>Messala,</span> <span class='ocrx_word' id='word_1_107' title='bbox 516 1439 633 1487; x_wconf 88' lang='lat' dir='ltr'>tuocum</span> <span class='ocrx_word' id='word_1_108' title='bbox 643 1432 728 1499; x_wconf 88' lang='lat' dir='ltr'>fratre,</span> <span class='ocrx_word' id='word_1_109' title='bbox 741 1435 875 1507; x_wconf 90' lang='lat' dir='ltr'>simulque</span> 
     </span>
    </p>
   </div>
   <div class='ocr_carea' id='block_1_4' title="bbox 236 1504 938 1575">
    <p class='ocr_par' dir='ltr' id='par_1_8' title="bbox 236 1504 938 1575">
     <span class='ocr_line' id='line_1_19' title="bbox 236 1504 938 1575; baseline 0.007 -16"><span class='ocrx_word' id='word_1_110' title='bbox 236 1522 292 1571; x_wconf 88' lang='lat' dir='ltr'>vos,</span> <span class='ocrx_word' id='word_1_111' title='bbox 303 1504 396 1559; x_wconf 89' lang='lat' dir='ltr'>Bibule</span> <span class='ocrx_word' id='word_1_112' title='bbox 405 1512 430 1559; x_wconf 90' lang='lat' dir='ltr'>et</span> <span class='ocrx_word' id='word_1_113' title='bbox 439 1504 524 1572; x_wconf 86' lang='lat' dir='ltr'>Servi,</span> <span class='ocrx_word' id='word_1_114' title='bbox 536 1508 616 1561; x_wconf 90' lang='lat' dir='ltr'>simul</span> <span class='ocrx_word' id='word_1_115' title='bbox 629 1508 673 1562; x_wconf 85' lang='lat' dir='ltr'>bis</span> <span class='ocrx_word' id='word_1_116' title='bbox 682 1516 715 1574; x_wconf 90' lang='lat' dir='ltr'>te,</span> <span class='ocrx_word' id='word_1_117' title='bbox 726 1510 837 1563; x_wconf 85' lang='lat' dir='ltr'>candide</span> <span class='ocrx_word' id='word_1_118' title='bbox 845 1511 938 1575; x_wconf 87' lang='lat' dir='ltr'>Furni,</span> 
     </span>
    </p>
   </div>
   <div class='ocr_carea' id='block_1_5' title="bbox 180 1579 977 2098">
    <p class='ocr_par' dir='ltr' id='par_1_9' title="bbox 180 1579 977 2098">
     <span class='ocr_line' id='line_1_20' title="bbox 235 1579 850 1657; baseline 0.008 -24"><span class='ocrx_word' id='word_1_119' title='bbox 235 1579 383 1649; x_wconf 89' lang='lat' dir='ltr'>complures</span> <span class='ocrx_word' id='word_1_120' title='bbox 395 1580 469 1646; x_wconf 90' lang='lat' dir='ltr'>alios,</span> <span class='ocrx_word' id='word_1_121' title='bbox 481 1581 630 1657; x_wconf 60' lang='lat' dir='ltr'>dectoa‘ego</span> <span class='ocrx_word' id='word_1_122' title='bbox 639 1601 706 1655; x_wconf 91' lang='lat' dir='ltr'>quos</span> <span class='ocrx_word' id='word_1_123' title='bbox 719 1592 743 1638; x_wconf 91' lang='lat' dir='ltr'>et</span> <span class='ocrx_word' id='word_1_124' title='bbox 753 1586 850 1638; x_wconf 86' lang='lat' dir='ltr'>amieos</span> 
     </span>
     <span class='ocr_line' id='line_1_21' title="bbox 234 1654 977 1731; baseline 0.009 -24"><span class='ocrx_word' id='word_1_125' title='bbox 234 1654 350 1725; x_wconf 87' lang='lat' dir='ltr'>prudens</span> <span class='ocrx_word' id='word_1_126' title='bbox 368 1663 511 1727; x_wconf 70' lang='lat' dir='ltr'>praetereo,</span> <span class='ocrx_word' id='word_1_127' title='bbox 538 1658 638 1730; x_wconf 91' lang='lat' dir='ltr'>quibus</span> <span class='ocrx_word' id='word_1_128' title='bbox 654 1659 730 1723; x_wconf 88' lang='lat' dir='ltr'>haee,</span> <span class='ocrx_word' id='word_1_129' title='bbox 747 1659 977 1731; x_wconf 82' lang='lat' dir='ltr'>sintqualiaeum-</span> 
     </span>
     <span class='ocr_line' id='line_1_22' title="bbox 745 1750 788 1798; baseline 0 -11"><span class='ocrx_word' id='word_1_130' title='bbox 745 1750 788 1798; x_wconf 87' lang='lat' dir='ltr'>ue,</span> 
     </span>
     <span class='ocr_line' id='line_1_23' title="bbox 235 1751 888 1878; baseline 0.009 -23"><span class='ocrx_word' id='word_1_131' title='bbox 235 1804 348 1858; x_wconf 88' lang='lat' dir='ltr'>arridere</span> <span class='ocrx_word' id='word_1_132' title='bbox 357 1804 447 1871; x_wconf 91' lang='lat' dir='ltr'>velim,</span> <span class='ocrx_word' id='word_1_133' title='bbox 459 1806 599 1873; x_wconf 90' lang='lat' dir='ltr'>doliturus,</span> <span class='ocrx_word' id='word_1_134' title='bbox 611 1808 634 1861; x_wconf 88' lang='lat' dir='ltr'>si</span> <span class='ocrx_word' id='word_1_135' title='bbox 642 1751 761 1878; x_wconf 62' lang='lat' dir='ltr'>placealt</span> <span class='ocrx_word' id='word_1_136' title='bbox 770 1825 817 1878; x_wconf 87' lang='lat' dir='ltr'>spe</span> <span class='ocrx_word' id='word_1_137' title='bbox 883 1827 888 1833; x_wconf 89' lang='grc'><em>·</em></span> 
     </span>
     <span class='ocr_line' id='line_1_24' title="bbox 180 1877 829 1954; baseline 0.008 -25"><span class='ocrx_word' id='word_1_138' title='bbox 180 1884 206 1929; x_wconf 75' lang='lat' dir='ltr'>tu</span> <span class='ocrx_word' id='word_1_139' title='bbox 234 1877 347 1933; x_wconf 86' lang='lat' dir='ltr'>deterius</span> <span class='ocrx_word' id='word_1_140' title='bbox 358 1888 454 1935; x_wconf 88' lang='lat' dir='ltr'>nostra.</span> <span class='ocrx_word' id='word_1_141' title='bbox 493 1882 615 1945; x_wconf 83' lang='lat' dir='ltr'>Demetri,</span> <span class='ocrx_word' id='word_1_142' title='bbox 627 1889 713 1952; x_wconf 84' lang='lat' dir='ltr'>teque,</span> <span class='ocrx_word' id='word_1_143' title='bbox 726 1882 829 1954; x_wconf 81' lang='lat' dir='ltr'>Tigelli,</span> 
     </span>
     <span class='ocr_line' id='line_1_25' title="bbox 233 1952 853 2025; baseline 0.006 -21"><span class='ocrx_word' id='word_1_144' title='bbox 233 1952 422 2023; x_wconf 87' lang='lat' dir='ltr'>discipularum</span> <span class='ocrx_word' id='word_1_145' title='bbox 436 1956 502 2008; x_wconf 86' lang='lat' dir='ltr'>inter</span> <span class='ocrx_word' id='word_1_146' title='bbox 512 1957 591 2009; x_wconf 85' lang='lat' dir='ltr'>iubeo</span> <span class='ocrx_word' id='word_1_147' title='bbox 600 1955 701 2025; x_wconf 86' lang='lat' dir='ltr'>plorare</span> <span class='ocrx_word' id='word_1_148' title='bbox 709 1955 853 2009; x_wconf 82' lang='lat' dir='ltr'>cathedras.</span> 
     </span>
     <span class='ocr_line' id='line_1_26' title="bbox 232 2026 883 2098; baseline 0.008 -19"><span class='ocrx_word' id='word_1_149' title='bbox 232 2026 253 2090; x_wconf 92' lang='lat' dir='ltr'>I,</span> <span class='ocrx_word' id='word_1_150' title='bbox 264 2044 338 2098; x_wconf 88' lang='lat' dir='ltr'>puer,</span> <span class='ocrx_word' id='word_1_151' title='bbox 351 2034 429 2098; x_wconf 89' lang='lat' dir='ltr'>atque</span> <span class='ocrx_word' id='word_1_152' title='bbox 442 2045 500 2083; x_wconf 90' lang='lat' dir='ltr'>meo</span> <span class='ocrx_word' id='word_1_153' title='bbox 508 2030 576 2082; x_wconf 92' lang='lat' dir='ltr'>citus</span> <span class='ocrx_word' id='word_1_154' title='bbox 586 2030 650 2082; x_wconf 91' lang='lat' dir='ltr'>haee</span> <span class='ocrx_word' id='word_1_155' title='bbox 658 2030 776 2084; x_wconf 90' lang='lat' dir='ltr'>suscribe</span> <span class='ocrx_word' id='word_1_156' title='bbox 785 2029 883 2085; x_wconf 81' lang='lat' dir='ltr'>libello.</span> 
     </span>
    </p>
   </div>
   <div class='ocr_carea' id='block_1_6' title="bbox 482 2285 717 2337">
    <p class='ocr_par' dir='ltr' id='par_1_10' title="bbox 482 2285 717 2337">
     <span class='ocr_line' id='line_1_27' title="bbox 482 2285 717 2337; baseline 0.013 -8"><span class='ocrx_word' id='word_1_157' title='bbox 482 2285 717 2337; x_wconf 48' lang='lat' dir='ltr'>—aeixcoem</span> 
     </span>
    </p>
   </div>
   <div class='ocr_carea' id='block_1_7' title="bbox 0 0 1038 3067">
    <p class='ocr_par' dir='ltr' id='par_1_11' title="bbox 0 0 1038 3067">
     <span class='ocr_line' id='line_1_28' title="bbox 0 0 1038 3067; baseline 0 2"><span class='ocrx_word' id='word_1_158' title='bbox 0 0 1038 3067; x_wconf 95' lang='lat' dir='ltr'> </span> 
     </span>
    </p>
   </div>
  </div>
 </body>
</html>
