2067 3067
313 158 386 207 mn.
405 160 428 209 1.
456 160 540 209 SAT.
559 159 616 208 VH.
722 187 726 192 ·
788 156 835 210 ⁴87

273 378 522 437 SATYRA
567 380 654 437 vll.

90 625 191 663 Nori-stur
206 620 251 659 rixa
261 624 356 673 quaedam
370 624 424 662 inter
431 624 539 675 Rupilium
552 626 627 673 Regem
640 630 660 661 et
669 624 761 662 Persium
770 638 834 663 coram

187 688 259 731 Bruto,
268 686 372 738 Persiique
381 688 467 727 facetum
476 691 553 727 dictum
563 689 584 727 in
593 688 734 727 adversarium.

127 780 273 859 Proscripti
283 786 367 861 Regis‘
372 788 462 859 Rupili
472 806 525 861 pus
534 796 613 861 atque
622 806 754 844 venenum

89 863 203 939 hybrida
213 880 267 935 quo
276 870 350 934 pacto
360 864 395 916 sit
404 864 508 918 Persius
518 864 600 928 ultus,
613 864 708 936 opinor

89 938 215 993 omnihus
225 945 250 991 et
264 937 343 1010 lippis
354 945 445 993 notum
454 947 479 993 et
489 939 639 994 tonsoribus
648 956 715 993 esse.

91 1015 194 1068 Persius
204 1012 249 1067 hic
255 1030 399 1087 permagna
407 1014 509 1087 negotia
519 1014 594 1069 dives
603 1014 716 1068 hahebat

89 1088 263 1153 Clazomenis,
274 1088 353 1143 etiarn
364 1088 422 1143 lites
431 1105 493 1143 cum
503 1089 574 1163 Rege
583 1088 717 1151 molestam
877 1100 889 1141 5

89 1163 174 1218 durus
184 1163 271 1228 homo,
283 1170 362 1235 atque
371 1164 431 1219 odio
440 1170 488 1237 qui
497 1172 585 1237 posset
593 1164 698 1219 vincere
708 1163 815 1237 Regem,

88 1238 417 1312 confidenstumidusquo;
440 1240 503 1295 adeo
512 1240 642 1295 sermonis
651 1239 743 1304 amari,

88 1314 221 1379 sisennas,
232 1315 325 1369 Barros
334 1322 364 1369 ut
372 1315 450 1387 equis
459 1323 635 1387 praecurreret
644 1314 722 1370 albis.

89 1388 130 1444 Ad
139 1390 236 1463 Regem
246 1390 332 1445 redeo.
370 1391 514 1466 Postquam
524 1391 592 1445 nihil
603 1392 671 1445 inter
683 1397 828 1461 utrumque

40 1492 44 1500 ·
88 1465 433 1533 convenit3-hocetenim
445 1473 609 1522 suntomnes
619 1467 677 1520 iure
686 1465 797 1529 molesti,
863 1474 888 1516 lo

88 1558 142 1613 quo
151 1541 237 1601 fortes.
248 1540 348 1611 quihus
359 1540 499 1595 adversum
509 1542 610 1595 bellum
623 1540 726 1594 incidit.
764 1541 833 1593 lnter

88 1616 194 1671 Hectora
204 1612 363 1678 Priamiden,
375 1615 526 1669 animosum
540 1623 619 1686 atque
628 1616 695 1668 inter
704 1613 836 1668 Achillem

88 1691 127 1744 ira
136 1688 186 1743 tuit
196 1688 322 1759 capitalis,
335 1694 365 1741 ut
374 1687 466 1743 ultima
476 1688 605 1743 divideret
614 1706 694 1753 mors,

88 1780 141 1818 non
151 1763 229 1817 aliam
240 1763 274 1816 ob
283 1779 399 1827 causam,
412 1763 465 1815 nisi
475 1762 548 1832 quod
558 1764 642 1817 virtus
653 1763 681 1815 in
690 1768 801 1836 utroque

89 1855 193 1892 summa
203 1835 263 1891 fuit.
302 1837 360 1891 Duo
370 1838 392 1890 si
406 1835 536 1891 discordia
546 1843 623 1890 vexet
632 1837 736 1902 inertes,
861 1849 887 1891 15

89 1919 134 1975 aut
143 1912 166 1965 si
175 1911 327 1983 disparibus
338 1910 438 1966 bellurn
450 1910 557 1976 incidat,
570 1917 600 1964 ut
608 1910 726 1965 Diomedi

88 2004 149 2041 cum
159 1987 240 2061 Lycio
250 1986 363 2052 Glauco,
384 1984 500 2041 discedat
507 1987 616 2060 pigrior,
628 1985 697 2041 ultro

5 2066 7 2101 ἓ
88 2063 243 2118 muneribus
252 2062 479 2117 missis-Bruto
487 2069 714 2133 praetrretenentc

88 2138 167 2192 ditem
177 2137 277 2203 Asiam,
294 2136 384 2209 Rupili
394 2146 420 2191 et
428 2139 499 2192 Persl
509 2155 557 2210 par
568 2144 679 2212 pugnat,
691 2136 730 2191 uti
740 2153 806 2199 non!

87 2214 260 2286 compositum
269 2212 365 2268 molius
375 2230 436 2268 curn
446 2214 522 2269 Bitho
530 2214 667 2269 Bacchius.
706 2213 737 2266 ln
748 2217 790 2265 ius
860 2223 887 2267 to

5 2286 6 2291 '
88 2306 158 2343 acres
166 2296 332 2361 procurrunt,
345 2306 473 2363 magnum
484 2288 663 2361 spectaculum
672 2295 790 2359 uterque.

5 2780 9 3017 l

88 2364 191 2419 Persius
200 2365 308 2437 exponit
317 2381 434 2429 causam,
449 2365 549 2418 ridetur
560 2364 593 2419 ab
602 2363 676 2418 omni

87 2446 229 2507 conventu,
253 2439 342 2494 laudat
350 2440 461 2494 Brutum
472 2438 615 2511 laudatque
622 2438 767 2493 cohortem:

87 2511 168 2567 solem
178 2512 256 2569 Asiae
264 2514 506 2585 Brutumappellat,
522 2512 663 2586 stellasque
674 2513 793 2569 salubres

88 2587 199 2659 appellat
208 2588 328 2653 comites,
343 2596 449 2660 excepto
458 2589 541 2661 Rege3
561 2605 654 2644 canem
667 2586 754 2656 illum,
859 2598 885 2643 is

90 2664 205 2717 invisum
216 2663 337 2737 agricolis
346 2664 430 2729 sidus,
443 2664 560 2720 venisse:
580 2664 672 2719 ruebat
