2067 3067
203 109 254 170 rel
465 119 522 168 uu
557 116 677 170 euru

240 220 291 274 lies
300 226 388 292 gestae
398 235 545 294 regumque
554 220 708 293 ducumque
718 227 744 276 et
751 224 836 280 ebor
845 223 917 281 belle

203 311 258 368 quo
267 294 348 348 scribi
356 303 463 366 possent
473 312 593 361 numero,
605 296 761 352 monstravit
769 298 906 355 Homerus.

149 383 176 427 55
206 370 331 427 Versibus
341 371 475 442 impariter
485 371 583 426 iunctis
592 372 758 443 querimonia
769 373 902 443 primum,

205 445 461 518 postetiemincluss
471 446 574 500 sstvoti
583 447 837 518 sententieoompos.

204 521 270 588 Quis
280 527 366 574 tumen
377 521 487 593 exiguos
496 519 584 593 elegos
593 521 709 576 emiserit
718 531 816 587 auctor
906 534 910 542 “

206 596 369 670 grammatici
380 601 477 650 certent
486 603 511 650 et
520 595 609 650 adbuc
616 595 669 650 sub
678 595 766 651 iudico
777 595 811 651 lis
820 604 869 652 est.

205 670 392 727 Archilochum
401 670 507 742 proprio
517 671 604 725 rabies
612 672 725 725 armavit
734 671 834 726 iambo:

151 758 177 802 8⁰
206 745 277 802 huuc
287 763 355 800 socer
364 762 454 816 cepere
462 744 558 816 pedem
567 741 873 819 grandesquecothurur

205 821 311 876 alteruis
320 828 412 892 epium
422 819 590 876 sermonibus
599 827 624 876 et
637 819 777 892 populares

206 897 353 951 vincentem
365 895 490 967 strepitus
499 905 525 950 et
533 902 627 950 uelum
635 896 716 951 rebus
725 895 846 969 egendis.

242 972 317 1026 Musa
327 969 399 1025 dedit
412 970 510 1026 lidibus
520 970 597 1026 diros
606 988 755 1043 puerosque
763 970 873 1026 deorum

206 1054 230 1102 et
239 1045 358 1120 pugilem
368 1046 493 1102 victorem
501 1054 528 1101 et
536 1046 787 1118 equumoertemiue
795 1047 914 1117 primum

152 1136 178 1180 85
204 1131 229 1177 et
241 1123 370 1178 iuvenum
380 1138 457 1176 cures
466 1129 492 1176 et
501 1121 583 1177 libem
593 1122 657 1178 vinu
668 1120 772 1176 referre.

206 1197 352 1283 Descriptes
361 1213 465 1252 servare
475 1197 546 1252 vices
557 1213 722 1268 operumque
732 1195 872 1251 colores

206 1290 253 1327 cur
263 1289 311 1344 ego
320 1273 344 1326 si
354 1287 456 1344 nequeo
467 1271 622 1344 ignoroque,
631 1280 706 1342 poem
715 1270 830 1327 ulurorr

206 1365 254 1402 cur
264 1362 363 1400 nescire
365 1345 487 1432 ‚pudens
495 1362 586 1432 prave,
597 1345 800 1419 quemdisoere,
811 1345 899 1402 melo‘l

206 1421 333 1478 Versibus
342 1419 439 1506 exponi
448 1421 555 1494 tragicis
564 1437 606 1476 res
617 1421 716 1476 comice
726 1438 779 1478 uon
789 1411 860 1488 inlu

153 1511 179 1554 ee
208 1495 433 1570 indignaturitem
441 1495 765 1568 privatisecprcpesocco

207 1571 818 1647 digniscsrmioibusuarrericeeanhyestue.

208 1647 318 1721 Singula
328 1663 450 1720 quaeque
459 1646 548 1704 locum
557 1648 760 1703 tenesmsortrte
769 1646 914 1702 decentem

207 1722 342 1777 Interdum
352 1730 440 1778 temen
448 1730 475 1777 ei
484 1733 576 1778 vocem
585 1721 719 1778 comoedia
731 1720 808 1787 tollit,

208 1799 342 1884 iratusque
352 1797 477 1854 Chremes
490 1797 592 1854 tumido
600 1796 782 1870 delitigstore‚

154 1885 180 1928 ee
208 1881 232 1928 et
242 1873 356 1946 tragicus
365 1873 524 1946 plerumque
533 1872 602 1930 dolet
611 1871 864 1944 sermonepedestrr.

208 1947 339 2019 Telephus
348 1955 373 2002 et
383 1947 484 2014 Peleus
500 1966 587 2020 quum
596 1946 826 2020 peuperstexsul,
842 1953 958 2018 uterque

207 2023 310 2095 proiicit
319 2022 451 2095 ampullas
463 2031 488 2078 et
496 2021 690 2109 sesquipsdslie
700 2023 803 2088 ruba,

208 2097 231 2152 si
244 2106 317 2154 curat
329 2115 373 2152 cor
381 2099 521 2170 spectantis
534 2098 649 2172 tetigisse
657 2098 774 2172 querele

245 2175 303 2230 Non
314 2173 377 2227 satis
386 2179 425 2228 est
433 2172 545 2244 pulchre
553 2190 611 2228 esse
620 2181 752 2246 poemate:
767 2171 854 2228 dulcis
863 2177 956 2238 sunto

155 2261 194 2304 100
207 2257 232 2304 et
240 2265 411 2321 quocumque
420 2246 520 2314 volent
531 2248 651 2304 euimum
661 2248 788 2305 audireris
797 2254 906 2320 agunto

209 2324 242 2379 Ut
251 2324 399 2379 ridentibus
408 2322 534 2388 arrident
549 2324 584 2378 ile
594 2320 718 2380 flentibus
727 2322 824 2379 sdllsnt

209 2399 321 2453 humani
332 2397 431 2454 vultus.
471 2398 536 2454 Si
509 2417 552 2454 vrs
561 2398 681 2464 meliore,
692 2397 836 2454 delendum
847 2402 887 2450 est

209 2490 327 2543 primum
337 2473 461 2549 rpsrsibi3
483 2480 601 2530 tuccius
610 2492 654 2528 me
663 2472 806 2528 miortuure
819 2470 931 2538 laedent,

210 2545 323 2617 Telephe
332 2547 374 2601 vel
384 2547 443 2602 Pe
431 2515 477 2603 erl
498 2548 568 2603 male
577 2566 600 2601 sr
594 2547 733 2602 meudula
742 2546 869 2618 loqueris

156 2629 196 2674 155
209 2627 254 2676 sut
265 2619 413 2679 dormitabo
422 2630 469 2679 eut
476 2622 578 2679 rrdebo
617 2621 713 2678 Tristre
720 2629 852 2680 moestum
