2067 3067
283 138 353 184 LIB.
373 138 395 183 1.
426 136 507 185 SAT.
527 134 574 183 IV.
750 127 798 183 1Ἷὸ

55 238 104 294 Hic
113 244 255 310 nuptarum
265 240 363 294 insanit
372 239 514 303 amoribus,
529 238 574 291 hio
584 255 738 308 puerorum3

57 314 128 368 huno
140 316 208 385 capit
218 315 317 386 argenti
327 313 463 385 splend0r;
475 320 562 384 stupet
571 312 665 367 Albius
675 332 744 385 aare;

56 389 100 442 hic
110 395 193 442 mutat
203 406 300 443 meroes
310 396 433 461 surgente
442 406 458 443 a
467 386 526 443 Sole
535 387 649 453 adeum,
661 406 715 460 quo

56 464 203 533 vespertina
212 470 280 535 tepet
288 464 374 537 regio:
395 464 461 535 quin
470 478 517 535 per
527 461 596 516 mala
606 480 728 536 praeoeps
827 476 853 518 tt

56 538 145 602 fertur,
157 538 195 591 uti
204 538 294 610 pulvis
304 538 426 593 oollectus
435 538 548 598 turbine,
559 553 593 591 ne
605 538 673 609 quid

57 630 161 667 summa
171 612 294 683 deperdat
302 620 430 679 metuens,
442 620 487 667 aut
496 612 604 685 ampliet
612 620 643 666 ut
652 629 717 667 rem.

57 688 155 741 Omnes
165 687 194 740 hi
203 696 325 743 metuunt
333 706 435 754 versus,
446 688 525 743 odero
532 695 631 759 poetas.

57 767 72 815 t
86 763 105 815 F
107 779 204 817 oenum
217 762 296 819 habet
306 763 335 818 in
348 780 444 829 uornu,
466 763 544 836 longa
559 762 634 835 fuge:
656 762 800 817 dummodo

547 854 632 891 risum

56 912 168 965 excutiat
177 912 238 977 sibi,
251 929 303 966 non
313 912 359 965 hic
367 913 491 984 cuiquam
501 920 589 983 parcat
598 912 694 966 amieo:
828 922 853 965 35

57 992 82 1039 et
91 985 278 1058 quodcumque
286 986 366 1041 semel
377 988 473 1041 chartis
482 987 602 1051 illeverit,
613 1004 706 1041 omnm

14 1106 16 1109 .
56 1060 404 1133 gestietaiuruoredauatas
414 1061 602 1135 scirelamqua

56 1142 82 1187 et
90 1151 184 1205 pueros
194 1143 218 1189 et
228 1153 305 1190 anus.
341 1142 359 1191 t
371 1136 501 1212 Agedum,
512 1136 692 1209 paucaancipe
700 1143 797 1191 oontrn.

56 1210 175 1263 Primum
188 1226 287 1283 egomt
296 1209 415 1274 illorum,
431 1211 548 1266 dederim
557 1210 658 1283 quibus
667 1228 725 1265 esse
737 1228 800 1285 pou·

547 1288 590 1350 tis,

56 1376 193 1430 excerpam
202 1376 320 1415 numero.
350 1361 521 1432 quuaanim
530 1360 799 1415 nonniudnroversum
827 1365 854 1411 tt

56 1434 154 1487 dixeris
165 1451 221 1487 essa
230 1435 306 1489 satis:
320 1452 415 1506 nuque,
427 1436 450 1488 si
460 1436 523 1507 quis
531 1436 636 1499 soribat,
651 1436 690 1488 uti
701 1452 758 1498 nos,
798 1474 801 1481 .

56 1509 170 1563 sermoni
180 1508 308 1580 propiora,
320 1517 396 1579 putes
405 1509 477 1563 huno
486 1526 543 1563 esse
555 1517 666 1579 poetam.

56 1583 196 1655 Ingenium
206 1583 250 1637 uui
259 1583 302 1649 sit,
315 1584 358 1639 oui
367 1600 443 1637 mans
452 1583 577 1648 divinior,
588 1592 705 1654 atquaos

56 1674 152 1729 magna
161 1667 325 1724 sanaturum,
337 1658 384 1712 des
392 1658 508 1713 numinis
517 1657 599 1711 huius
611 1658 746 1711 honorem.

55 1731 154 1786 Idcirco
163 1732 282 1803 quidam,
292 1732 426 1789 uomoadia
436 1748 516 1786 naono
529 1748 622 1802 poema
800 1723 806 1739 “
827 1739 853 1783 tt

54 1814 130 1871 esset,
143 1798 305 1895 quaesitura,
318 1808 389 1880 quod
398 1824 455 1861 aotr
464 1807 574 1877 spiritus
583 1822 614 1858 ao
622 1805 665 1857 vis

55 1899 105 1935 nau
116 1882 204 1935 verbis
213 1900 260 1937 nea
269 1884 350 1939 rebus
359 1884 435 1948 inest,
447 1882 499 1939 atsi
508 1880 581 1953 qrrod
591 1878 656 1949 pede
665 1886 735 1931 <terto

55 1956 141 2009 differt
150 1940 268 2035 sermoni
277 1976 362 2013 sermo
371 1975 469 2013 marus.
509 1954 572 2011 {At
580 1959 653 2025 pater
663 1953 756 2006 ardens

54 2031 145 2096 saevit,
158 2032 231 2103 quud
270 2038 374 2089 eretriae
383 2048 462 2103 nupon
472 2032 583 2085 insanus
595 2029 679 2083 amica

54 2104 136 2170 filius,
148 2124 230 2161 uxore
271 2108 365 2185 grandi
374 2125 435 2162 curn
445 2106 504 2161 dota
515 2111 624 2168 recusat,
828 2112 853 2153 50

53 2180 144 2234 ebrius
153 2188 185 2246 et,
198 2200 225 2236 m
266 2202 331 2238 num
340 2182 412 2254 quud
421 2182 543 2245 dadanus,
555 2177 672 2234 ambulet
681 2184 739 2230 antu

1 2285 8 2298 ·
53 2262 156 2309 noctem
165 2273 225 2312 curu
253 2260 353 2315 acibus.
391 2263 409 2312 t
421 2255 559 2327 Numquid
569 2253 730 2323 Pomponius
739 2250 797 2302 istis

53 2329 154 2383 audiret
164 2330 231 2389 levio
252 2353 275 2400 a,
287 2333 391 2405 paterni
402 2330 516 2387 viverut‘?
535 2332 605 2401 Ergo

52 2421 106 2458 non
117 2406 227 2463 satiaret
262 2410 318 2463 uris
327 2424 434 2463 versum
444 2404 602 2478 perscribam
610 2401 711 2467 verbis;

52 2496 133 2549 quem
147 2478 233 2562 {urs
256 2482 320 2549 luas,
333 2481 423 2555 quivis
433 2479 606 2536 stomachetur
615 2476 706 2530 eodem
830 2484 855 2524 55

51 2539 220 2625 uv‘ssatsrtn
261 2566 359 2629 spacto
367 2562 448 2628 pater.
487 2554 770 2625 Hinagoquaanuao,

51 2642 117 2681 oum
127 2625 186 2702 qur⁰
226 2632 316 2704 cripuit
325 2630 452 2697 Luciliuat,
464 2629 560 2701 eripias
568 2628 592 2681 si
