2067 3067
213 98 262 153 rra
466 103 710 153 surranum
741 173 745 179 ⁴

212 205 393 261 »incolumem
404 222 525 277 possum.
565 205 651 262 Simul
665 223 695 261 ao
704 206 839 261 duraverit
847 214 917 263 aetas

158 292 198 337 tto
210 281 349 336 »membra
358 282 535 355 animumque
543 292 631 348 tuum,
642 283 719 338 nabis
725 283 910 338 sineoortioe.«

709 357 753 411 Sic
762 375 805 412 me

211 432 342 488 formabat
351 449 465 504 puerum
475 431 566 487 dictis:
587 439 612 487 et
622 433 680 487 sive
690 433 807 498 iubebat,

212 515 243 563 ut
251 507 361 563 facerem
372 508 452 580 quid:
473 509 578 562 »Habes
588 518 729 572 auctorem,
741 526 796 581 quo
805 508 886 564 facias
897 509 964 565 hoc«

211 601 298 638 unum
309 600 342 637 ex
352 583 485 637 iudicibus
495 583 597 638 selectis
606 584 758 653 obiiciebat;

213 659 270 713 sive
279 659 395 715 vetabat:
416 676 469 713 rau
481 659 532 713 hoo
542 659 712 714 inhonestum
723 667 749 714 et
758 659 852 714 inutile
861 659 932 715 iactu

157 744 196 788 125
209 752 310 790 »neone
319 735 361 799 sit,
374 733 523 800 addubites,
535 732 626 807 flagret
636 753 742 790 rumore
752 735 821 790 malo
831 754 917 807 quum

211 810 274 864 »hic
284 817 362 881 atque
372 807 452 863 ittet«
471 808 571 864 Avidos
583 810 702 865 vicinum
712 810 794 866 sunus
804 820 834 865 ut
844 830 936 886 aegros

212 886 355 950 exanimat,
368 885 514 957 mortisque
523 893 596 940 metu
608 886 661 940 sibi
670 903 776 958 paruere
784 887 868 960 cogit;

212 960 251 1014 sio
261 968 361 1015 teneros
371 960 474 1016 animos
484 960 569 1015 aliena
578 962 718 1033 opprobria
726 980 805 1033 saepe

213 1036 358 1091 absterrent
368 1036 450 1091 vitiis.
489 1036 657 1110 Exhooego,
670 1056 753 1092 sanus
763 1038 796 1091 ab
807 1036 870 1101 illis,
937 1102 940 1107 .

157 1118 196 1165 130
209 1111 353 1182 perniciem
363 1128 539 1182 quaecunque
549 1111 645 1178 ierunt,
662 1112 850 1178 mediocribus,
866 1116 963 1183 etquis

212 1185 343 1258 ignoscas,
356 1186 429 1241 vitiis
440 1194 541 1252 teneor;
562 1185 679 1241 fortassis
688 1196 714 1243 et
723 1188 820 1241 isthinc

212 1259 319 1333 largiter
328 1260 466 1315 abstulerit
477 1260 556 1335 longa
568 1271 647 1328 aetas,
660 1263 727 1317 liber
736 1262 847 1326 amicus,

211 1335 353 1391 oonsilium
368 1336 521 1408 proprium:
547 1339 733 1410 nequeenim,
750 1353 836 1409 quum
851 1333 962 1390 lectulus

709 1418 807 1466 autme

210 1486 326 1558 porticus
336 1487 447 1559 excepit,
459 1485 555 1541 desum
564 1487 642 1541 mihi.
653 1487 776 1542 »Rectius
785 1487 836 1541 hoo
843 1493 894 1555 est,
902 1507 929 1542 a.
939 1530 961 1543 ..

157 1570 196 1616 135
209 1561 278 1617 »hoc
286 1561 385 1619 faciens
394 1563 485 1619 vivam
496 1561 602 1628 melius,
613 1581 641 1617 r.
651 1604 657 1617 .
667 1604 673 1617 .
683 1583 708 1617 ,a
721 1563 760 1616 sio
773 1562 860 1617 dulcis
869 1564 962 1617 amicis

210 1653 356 1692 occurram.
388 1657 415 1692 o.
430 1680 436 1693 .
451 1680 457 1692 .
472 1659 499 1695 ,α
522 1638 573 1693 hoc
586 1637 697 1710 quidam
712 1654 765 1693 uon
778 1638 859 1693 belle:
882 1657 963 1694 num·
1030 1673 1031 1700 2

709 1714 885 1787 quidegoilti

214 1787 385 1858 »imprudens
397 1787 462 1843 olim
471 1787 567 1843 faciam
577 1786 701 1843 similet«
719 1791 788 1844 Haec
799 1808 849 1863 ego
858 1808 962 1845 mecum
1030 1781 1031 1790 ¹

210 1865 368 1935 compressis
378 1865 448 1939 agito
458 1863 554 1933 labris;
577 1864 625 1919 ubi
635 1864 789 1937 quiddatur
798 1872 842 1931 ott,

210 1937 294 1993 illudo
304 1940 411 1995 chartis.
432 1941 487 1995 Hoc
496 1946 536 1994 est
545 1940 723 1995 mediocribus
735 1940 788 1995 illis
828 1978 832 1985 ·

155 2020 195 2067 tto
208 2030 241 2068 ex
251 2014 324 2069 vitiis
333 2032 435 2069 unum:
457 2015 501 2069 cui
511 2015 535 2069 si
545 2016 687 2071 concedere
696 2015 773 2080 nolis,

209 2088 293 2143 multa
304 2096 440 2160 poetarum
450 2090 539 2145 veniet
550 2103 658 2156 marius,
670 2090 771 2146 auxilio
780 2108 849 2163 quae

208 2164 243 2217 sit
256 2164 323 2218 mihi
334 2164 405 2236 (nam
419 2164 503 2219 multo
511 2165 603 2237 plures
616 2165 619 2175 ¹
677 2165 718 2240 us)
727 2183 758 2221 ao
767 2164 850 2221 veluti
859 2172 885 2221 te

209 2238 299 2294 ludaei
310 2256 435 2315 cogemus
444 2240 473 2300 in
483 2241 554 2297 hanc
562 2259 611 2299 oon
663 2241 830 2318 ereturbam.
