2067 3067
270 156 341 202 LIB.
360 154 382 201 1.
414 154 536 200 EPIST.
555 153 577 199 1.
744 147 795 202 237

50 256 99 321 Ae,
111 271 145 310 ne
153 252 218 309 forte
229 273 312 329 roges,
328 273 381 327 quo
390 274 433 310 me
442 255 517 319 duee,
531 272 584 326 quo
598 253 649 308 lare
658 262 738 311 tuter:

51 330 154 387 nullius
163 329 281 385 addictus
293 332 377 386 iurare
390 332 417 385 in
427 330 506 385 verba
515 330 643 403 magistri,

50 423 107 479 quo
116 422 159 460 me
168 422 283 478 cumque
291 407 359 477 repit
367 412 514 476 tempestas,
527 404 626 458 deseror
635 406 740 476 hospes.
821 418 847 459 15

51 484 131 537 Nune
140 480 217 553 egilis
226 480 269 546 fio,
281 488 306 536 et
315 498 415 536 mersor
423 479 549 534 civilibus
558 479 648 545 undis,

50 554 158 611 virtutis
169 572 244 609 verse
253 562 339 610 eustos
349 555 505 628 rigidusque
514 554 628 622 satelles3

51 646 125 685 nune
134 628 162 683 in
172 628 298 702 Aristippi
308 629 399 684 furtim
408 637 543 701 praecepte
553 629 662 693 relabor,

51 714 76 759 et
85 704 153 758 mihi
162 722 212 769 res,
224 723 276 759 non
288 722 330 758 me
340 705 417 759 rebus
428 705 588 777 subiungere
598 722 686 758 eonor.

50 781 85 833 Ut
98 796 150 833 nox
160 778 251 851 longe,
262 779 362 850 quibus
372 781 497 833 mentitur
506 780 598 843 amica,
610 779 720 852 diesque
820 788 848 832 2⁰

51 854 120 907 lente
131 853 234 908 videtur
243 870 310 924 opus
320 852 488 921 debentibus;
508 862 540 907 ut
547 854 720 925 pigerennus

51 926 173 1000 pupillis,
185 944 252 998 quos
263 928 329 982 dure
338 928 434 999 premit
443 927 559 983 custodia
570 936 696 982 metrum:

50 1005 91 1057 sie
101 1002 167 1055 mihi
177 1002 250 1056 tarde
258 1001 345 1057 fluunt
355 1002 508 1075 ingrataque
517 1009 642 1073 tempore,
654 1020 722 1073 quae
731 1020 805 1074 spem

51 1076 246 1148 consiliumque
255 1085 390 1133 morantur
400 1077 493 1150 egendi
502 1078 622 1149 gnaviter
631 1077 667 1141 id,
679 1079 751 1149 quod

51 1167 135 1222 aeque
145 1153 304 1222 pauperibus
314 1152 427 1224 prodest,
439 1150 612 1223 locupletibus
622 1170 713 1223 oeque,
821 1164 847 1206 25

4 1294 5 1301 ἵ
51 1244 136 1297 aeque
145 1227 292 1299 neglectum
304 1228 393 1299 pueris
403 1227 566 1299 senibusque
575 1228 685 1281 nocebit.

51 1303 148 1365 Restat,
161 1302 242 1356 uthis
252 1320 300 1375 ego
310 1321 352 1357 me
363 1302 793 1381 ipseregemsolerqueelementis:

50 1378 108 1430 Non
119 1377 204 1448 possis
214 1376 289 1432 oculo
298 1386 428 1449 quantum
438 1378 591 1433 contendere
600 1380 733 1465 Lyneeus3

3 1496 4 1507 ,
50 1468 104 1505 non
114 1458 200 1505 temen
209 1452 304 1506 ideireo
313 1461 463 1508 eontemnes
473 1452 563 1525 lippus
573 1455 680 1526 inung13

50 1542 108 1590 nee,
120 1527 184 1597 quie
194 1525 313 1596 desperes
324 1527 415 1581 invicti
425 1528 544 1581 membre
553 1527 688 1600 Glyconis,
821 1539 847 1582 30

50 1600 149 1653 nodosa
159 1617 253 1670 eorpus
263 1599 331 1653 nolis
341 1600 479 1670 prohibere
489 1601 622 1672 cheragra.

49 1674 99 1728 Est
108 1672 223 1743 quedem
233 1672 336 1743 prodire
346 1681 431 1737 tenus,
442 1674 466 1727 si
476 1691 529 1727 non
539 1674 616 1727 detur
625 1674 704 1732 ultre.

50 1748 145 1801 Fervet
154 1747 262 1803 avaritia
272 1748 420 1819 miseroque
430 1747 553 1818 cupidine
566 1749 673 1817 peetus‘l

51 1829 115 1876 sunt
125 1822 204 1876 verbe
214 1831 239 1875 et
249 1839 334 1887 voees,
347 1822 447 1894 quibus
457 1822 530 1875 hune
541 1820 621 1874 lenire
631 1818 745 1877 dolorem

6 1902 11 1914 '
50 1897 146 1969 possis,
159 1904 183 1951 et
193 1915 318 1970 magnam
328 1897 413 1951 morbi
424 1896 552 1966 deponere
560 1903 670 1967 partem.
821 1910 846 1953 35

51 1971 150 2026 Laudis
160 1990 247 2027 amore
256 1971 362 2026 tumes?
380 1978 517 2026 suntcerte
529 1970 640 2042 piacula,
655 1981 756 2043 queste

50 2056 89 2099 ter
99 2064 164 2117 pure
174 2046 238 2101 lecto
247 2054 370 2119 poterunt
379 2064 492 2101 recreare
502 2045 600 2102 libello.

50 2121 170 2185 Invidus,
183 2122 334 2187 iracundus,
346 2122 425 2186 iners,
437 2122 555 2187 vinosus,
570 2130 676 2185 ametor,

51 2214 128 2251 nemo
139 2197 202 2251 adeo
212 2197 283 2252 ierus
293 2205 340 2261 est,
352 2206 443 2252 utnon
455 2198 588 2251 miteseere
597 2198 687 2268 possit,

3 2330 4 2333 ,
51 2272 74 2324 si
84 2272 161 2326 modo
171 2272 287 2327 culturae
297 2274 436 2344 patientem
446 2272 592 2327 eommodet
604 2290 704 2326 eurem.
821 2278 869 2345 lo⁴

3 2358 4 2361 ’
51 2347 140 2401 Virtus
151 2358 189 2401 est
199 2349 293 2402 vitium
304 2347 403 2419 fugere,
415 2354 441 2401 et
450 2347 575 2419 sepientis
586 2347 679 2418 prime,

3 2514 13 2789 l

3 2807 15 2871 l

51 2420 161 2476 stultitia
170 2424 294 2477 caruisse.
335 2423 422 2487 Vides,
434 2440 503 2494 quae
512 2422 627 2475 maxime
639 2421 724 2474 eredis

51 2514 107 2551 esse
117 2496 194 2560 mela,
206 2498 333 2571 exiguum
342 2514 450 2551 eensum
464 2504 620 2567 turpemque
629 2495 770 2567 repulsam,

51 2578 150 2642 quanto
159 2571 257 2626 devites
267 2573 349 2627 animi
359 2572 503 2644 capitisque
513 2570 610 2625 labore.

51 2645 166 2719 Impiger
175 2653 304 2702 extremos
313 2646 397 2700 curris
408 2654 533 2700 mereator
545 2645 579 2700 ed
588 2645 675 2712 Indos,
820 2652 845 2699 45
