<?xml version="1.0" encoding="UTF-8"?>
<!DOCTYPE html PUBLIC "-//W3C//DTD XHTML 1.0 Transitional//EN"
    "http://www.w3.org/TR/xhtml1/DTD/xhtml1-transitional.dtd">
<html xmlns="http://www.w3.org/1999/xhtml" xml:lang="en" lang="en">
 <head>
  <title>
</title>
<meta http-equiv="Content-Type" content="text/html;charset=utf-8" />
  <meta name='ocr-system' content='tesseract 3.04.00' />
  <meta name='ocr-capabilities' content='ocr_page ocr_carea ocr_par ocr_line ocrx_word'/>
</head>
<body>
  <div class='ocr_page' id='page_1' title='image "./qhoratiiflaccio01weisgoog_0253.png"; bbox 0 0 2067 3067; ppageno 0'>
   <div class='ocr_carea' id='block_1_1' title="bbox 221 131 742 186">
    <p class='ocr_par' dir='ltr' id='par_1_1' title="bbox 221 131 742 186">
     <span class='ocr_line' id='line_1_1' title="bbox 221 131 742 186; baseline -0.01 -1"><span class='ocrx_word' id='word_1_1' title='bbox 221 131 271 186; x_wconf 73' lang='grc'><strong>240</strong></span> <span class='ocrx_word' id='word_1_2' title='bbox 452 131 742 182; x_wconf 76' lang='lat' dir='ltr'><strong>EPISTOLARUM·</strong></span> 
     </span>
    </p>
   </div>
   <div class='ocr_carea' id='block_1_2' title="bbox 384 359 802 521">
    <p class='ocr_par' dir='ltr' id='par_1_2' title="bbox 384 359 802 521">
     <span class='ocr_line' id='line_1_2' title="bbox 384 359 802 416; baseline 0 -2"><span class='ocrx_word' id='word_1_3' title='bbox 384 359 574 416; x_wconf 82' lang='lat' dir='ltr'><strong>EPIST</strong></span> <span class='ocrx_word' id='word_1_4' title='bbox 593 361 618 415; x_wconf 87' lang='lat'>0</span> <span class='ocrx_word' id='word_1_5' title='bbox 636 360 662 413; x_wconf 93' lang='lat' dir='ltr'>L</span> <span class='ocrx_word' id='word_1_6' title='bbox 680 361 708 415; x_wconf 82' lang='lat' dir='ltr'><strong>A</strong></span> <span class='ocrx_word' id='word_1_7' title='bbox 753 361 802 415; x_wconf 90' lang='lat'><strong>11.</strong></span> 
     </span>
     <span class='ocr_line' id='line_1_3' title="bbox 454 478 734 521; baseline -0.004 -2"><span class='ocrx_word' id='word_1_8' title='bbox 454 478 506 521; x_wconf 82' lang='lat' dir='ltr'><strong>nc</strong></span> <span class='ocrx_word' id='word_1_9' title='bbox 535 478 734 520; x_wconf 72' lang='lat' dir='ltr'><strong>acimum.</strong></span> 
     </span>
    </p>
   </div>
   <div class='ocr_carea' id='block_1_3' title="bbox 218 682 964 798">
    <p class='ocr_par' dir='ltr' id='par_1_3' title="bbox 218 682 964 798">
     <span class='ocr_line' id='line_1_4' title="bbox 218 682 964 732; baseline -0.003 -11"><span class='ocrx_word' id='word_1_10' title='bbox 218 684 310 723; x_wconf 67' lang='lat' dir='ltr'><strong>nauem</strong></span> <span class='ocrx_word' id='word_1_11' title='bbox 323 683 420 732; x_wconf 73' lang='lat' dir='ltr'>snpientia</span> <span class='ocrx_word' id='word_1_12' title='bbox 432 683 524 727; x_wconf 79' lang='lat' dir='ltr'><strong>Homeri,</strong></span> <span class='ocrx_word' id='word_1_13' title='bbox 536 685 627 725; x_wconf 85' lang='lat' dir='ltr'><strong>Lollium</strong></span> <span class='ocrx_word' id='word_1_14' title='bbox 635 684 729 721; x_wconf 75' lang='lat' dir='ltr'><strong>iuvenem</strong></span> <span class='ocrx_word' id='word_1_15' title='bbox 737 682 818 720; x_wconf 84' lang='lat' dir='ltr'><strong>omnino</strong></span> <span class='ocrx_word' id='word_1_16' title='bbox 827 683 853 720; x_wconf 82' lang='lat' dir='ltr'><strong>ad</strong></span> <span class='ocrx_word' id='word_1_17' title='bbox 861 695 919 720; x_wconf 75' lang='lat' dir='ltr'><strong>verae</strong></span> <span class='ocrx_word' id='word_1_18' title='bbox 928 695 964 720; x_wconf 80' lang='lat' dir='ltr'><strong>aa·</strong></span> 
     </span>
     <span class='ocr_line' id='line_1_5' title="bbox 429 747 747 798; baseline 0 -14"><span class='ocrx_word' id='word_1_19' title='bbox 429 747 517 798; x_wconf 83' lang='lat' dir='ltr'><strong>pientiae</strong></span> <span class='ocrx_word' id='word_1_20' title='bbox 526 748 615 785; x_wconf 82' lang='lat' dir='ltr'><strong>studium</strong></span> <span class='ocrx_word' id='word_1_21' title='bbox 624 748 747 786; x_wconf 81' lang='lat' dir='ltr'><strong>adhortatur.</strong></span> 
     </span>
    </p>
   </div>
   <div class='ocr_carea' id='block_1_4' title="bbox 166 833 964 2623">
    <p class='ocr_par' dir='ltr' id='par_1_4' title="bbox 218 833 964 1216">
     <span class='ocr_line' id='line_1_6' title="bbox 257 833 830 916; baseline -0.002 -19"><span class='ocrx_word' id='word_1_22' title='bbox 257 833 370 898; x_wconf 84' lang='lat' dir='ltr'><strong>Troiani</strong></span> <span class='ocrx_word' id='word_1_23' title='bbox 380 843 443 898; x_wconf 90' lang='lat' dir='ltr'><strong>belli</strong></span> <span class='ocrx_word' id='word_1_24' title='bbox 456 845 616 916; x_wconf 80' lang='lat' dir='ltr'>scriptorem,</span> <span class='ocrx_word' id='word_1_25' title='bbox 629 845 745 898; x_wconf 81' lang='lat' dir='ltr'><strong>maxime</strong></span> <span class='ocrx_word' id='word_1_26' title='bbox 754 842 830 908; x_wconf 88' lang='lat' dir='ltr'><strong>Lolli,</strong></span> 
     </span>
     <span class='ocr_line' id='line_1_7' title="bbox 219 915 830 990; baseline 0.003 -20"><span class='ocrx_word' id='word_1_27' title='bbox 219 915 284 972; x_wconf 90' lang='lat' dir='ltr'><strong>dum</strong></span> <span class='ocrx_word' id='word_1_28' title='bbox 294 926 323 972; x_wconf 93' lang='lat' dir='ltr'><strong>tu</strong></span> <span class='ocrx_word' id='word_1_29' title='bbox 333 919 462 973; x_wconf 80' lang='lat' dir='ltr'><strong>declamas</strong></span> <span class='ocrx_word' id='word_1_30' title='bbox 474 921 579 984; x_wconf 86' lang='lat' dir='ltr'><strong>Romae,</strong></span> <span class='ocrx_word' id='word_1_31' title='bbox 591 921 727 974; x_wconf 78' lang='lat' dir='ltr'><strong>Praeneste</strong></span> <span class='ocrx_word' id='word_1_32' title='bbox 736 917 830 990; x_wconf 86' lang='lat' dir='ltr'><strong>relegi:</strong></span> 
     </span>
     <span class='ocr_line' id='line_1_8' title="bbox 219 992 964 1067; baseline 0.001 -21"><span class='ocrx_word' id='word_1_33' title='bbox 219 993 275 1064; x_wconf 90' lang='lat' dir='ltr'><strong>qui,</strong></span> <span class='ocrx_word' id='word_1_34' title='bbox 288 993 354 1065; x_wconf 93' lang='lat' dir='ltr'><strong>quid</strong></span> <span class='ocrx_word' id='word_1_35' title='bbox 364 995 398 1047; x_wconf 88' lang='lat' dir='ltr'><strong>sit</strong></span> <span class='ocrx_word' id='word_1_36' title='bbox 407 994 559 1064; x_wconf 89' lang='lat' dir='ltr'><strong>pulchrum,</strong></span> <span class='ocrx_word' id='word_1_37' title='bbox 571 995 637 1066; x_wconf 93' lang='lat' dir='ltr'><strong>quid</strong></span> <span class='ocrx_word' id='word_1_38' title='bbox 647 1002 731 1067; x_wconf 84' lang='lat' dir='ltr'><strong>turpe,</strong></span> <span class='ocrx_word' id='word_1_39' title='bbox 740 993 807 1064; x_wconf 88' lang='lat' dir='ltr'><strong>quid</strong></span> <span class='ocrx_word' id='word_1_40' title='bbox 816 992 964 1064; x_wconf 86' lang='lat' dir='ltr'><strong>utile,quid</strong></span> 
     </span>
     <span class='ocr_line' id='line_1_9' title="bbox 710 1086 773 1133; baseline 0 -11"><span class='ocrx_word' id='word_1_41' title='bbox 710 1086 773 1133; x_wconf 90' lang='lat' dir='ltr'><strong>nou,</strong></span> 
     </span>
     <span class='ocr_line' id='line_1_10' title="bbox 218 1139 877 1216; baseline 0.003 -23"><span class='ocrx_word' id='word_1_42' title='bbox 218 1139 322 1213; x_wconf 86' lang='lat' dir='ltr'><strong>plenius</strong></span> <span class='ocrx_word' id='word_1_43' title='bbox 332 1160 362 1195; x_wconf 89' lang='lat' dir='ltr'><strong>ac</strong></span> <span class='ocrx_word' id='word_1_44' title='bbox 371 1143 466 1196; x_wconf 88' lang='lat' dir='ltr'><strong>melius</strong></span> <span class='ocrx_word' id='word_1_45' title='bbox 479 1143 628 1216; x_wconf 84' lang='lat' dir='ltr'>Chrysippo</span> <span class='ocrx_word' id='word_1_46' title='bbox 636 1151 662 1197; x_wconf 89' lang='lat' dir='ltr'><strong>et</strong></span> <span class='ocrx_word' id='word_1_47' title='bbox 674 1143 796 1197; x_wconf 80' lang='lat' dir='ltr'><strong>Crantore</strong></span> <span class='ocrx_word' id='word_1_48' title='bbox 804 1141 877 1195; x_wconf 90' lang='lat' dir='ltr'><strong>dicit.</strong></span> 
     </span>
    </p>

    <p class='ocr_par' dir='ltr' id='par_1_5' title="bbox 166 1215 892 1585">
     <span class='ocr_line' id='line_1_11' title="bbox 166 1215 867 1288; baseline 0.001 -19"><span class='ocrx_word' id='word_1_49' title='bbox 166 1227 177 1269; x_wconf 81' lang='lat'>5</span> <span class='ocrx_word' id='word_1_50' title='bbox 219 1215 273 1270; x_wconf 86' lang='lat' dir='ltr'><strong>Cur</strong></span> <span class='ocrx_word' id='word_1_51' title='bbox 284 1217 318 1268; x_wconf 87' lang='lat' dir='ltr'><strong>ita</strong></span> <span class='ocrx_word' id='word_1_52' title='bbox 328 1216 492 1281; x_wconf 81' lang='lat' dir='ltr'><strong>crediderim,</strong></span> <span class='ocrx_word' id='word_1_53' title='bbox 505 1218 557 1270; x_wconf 90' lang='lat' dir='ltr'><strong>nisi</strong></span> <span class='ocrx_word' id='word_1_54' title='bbox 568 1218 634 1288; x_wconf 91' lang='lat' dir='ltr'><strong>quid</strong></span> <span class='ocrx_word' id='word_1_55' title='bbox 645 1226 669 1271; x_wconf 88' lang='lat' dir='ltr'><strong>te</strong></span> <span class='ocrx_word' id='word_1_56' title='bbox 678 1217 783 1282; x_wconf 87' lang='lat' dir='ltr'><strong>detinet,</strong></span> <span class='ocrx_word' id='word_1_57' title='bbox 795 1217 867 1271; x_wconf 90' lang='lat' dir='ltr'><strong>audi.</strong></span> 
     </span>
     <span class='ocr_line' id='line_1_12' title="bbox 217 1289 869 1361; baseline 0.003 -18"><span class='ocrx_word' id='word_1_58' title='bbox 217 1289 327 1353; x_wconf 88' lang='lat' dir='ltr'><strong>Fabula,</strong></span> <span class='ocrx_word' id='word_1_59' title='bbox 338 1308 391 1360; x_wconf 88' lang='lat' dir='ltr'><strong>qua</strong></span> <span class='ocrx_word' id='word_1_60' title='bbox 401 1291 502 1343; x_wconf 87' lang='lat' dir='ltr'><strong>Paridis</strong></span> <span class='ocrx_word' id='word_1_61' title='bbox 511 1300 615 1361; x_wconf 87' lang='lat' dir='ltr'><strong>propter</strong></span> <span class='ocrx_word' id='word_1_62' title='bbox 625 1300 745 1345; x_wconf 85' lang='lat' dir='ltr'><strong>narratur</strong></span> <span class='ocrx_word' id='word_1_63' title='bbox 754 1309 869 1346; x_wconf 86' lang='lat' dir='ltr'><strong>amorem</strong></span> 
     </span>
     <span class='ocr_line' id='line_1_13' title="bbox 219 1363 753 1430; baseline 0.009 -14"><span class='ocrx_word' id='word_1_64' title='bbox 219 1363 325 1417; x_wconf 85' lang='lat' dir='ltr'><strong>Graecia</strong></span> <span class='ocrx_word' id='word_1_65' title='bbox 335 1365 470 1418; x_wconf 85' lang='lat' dir='ltr'><strong>barbariae</strong></span> <span class='ocrx_word' id='word_1_66' title='bbox 482 1364 550 1418; x_wconf 87' lang='lat' dir='ltr'><strong>lento</strong></span> <span class='ocrx_word' id='word_1_67' title='bbox 558 1366 647 1419; x_wconf 84' lang='lat' dir='ltr'><strong>collisa</strong></span> <span class='ocrx_word' id='word_1_68' title='bbox 657 1366 753 1430; x_wconf 88' lang='lat' dir='ltr'><strong>duello,</strong></span> 
     </span>
     <span class='ocr_line' id='line_1_14' title="bbox 219 1438 892 1512; baseline 0.001 -19"><span class='ocrx_word' id='word_1_69' title='bbox 219 1438 359 1493; x_wconf 87' lang='lat' dir='ltr'><strong>stultorum</strong></span> <span class='ocrx_word' id='word_1_70' title='bbox 369 1456 461 1511; x_wconf 82' lang='lat' dir='ltr'><strong>regum</strong></span> <span class='ocrx_word' id='word_1_71' title='bbox 471 1446 495 1492; x_wconf 87' lang='lat' dir='ltr'><strong>et</strong></span> <span class='ocrx_word' id='word_1_72' title='bbox 504 1439 663 1512; x_wconf 84' lang='lat' dir='ltr'><strong>populorum</strong></span> <span class='ocrx_word' id='word_1_73' title='bbox 673 1442 787 1495; x_wconf 89' lang='lat' dir='ltr'><strong>continet</strong></span> <span class='ocrx_word' id='word_1_74' title='bbox 796 1447 892 1495; x_wconf 86' lang='lat' dir='ltr'><strong>aestus.</strong></span> 
     </span>
     <span class='ocr_line' id='line_1_15' title="bbox 218 1513 810 1585; baseline 0.002 -16"><span class='ocrx_word' id='word_1_75' title='bbox 218 1515 332 1570; x_wconf 82' lang='lat' dir='ltr'><strong>Antenor</strong></span> <span class='ocrx_word' id='word_1_76' title='bbox 341 1521 435 1580; x_wconf 89' lang='lat' dir='ltr'><strong>censet,</strong></span> <span class='ocrx_word' id='word_1_77' title='bbox 447 1513 509 1568; x_wconf 89' lang='lat' dir='ltr'><strong>belli</strong></span> <span class='ocrx_word' id='word_1_78' title='bbox 518 1515 665 1585; x_wconf 81' lang='lat' dir='ltr'><strong>praecidere</strong></span> <span class='ocrx_word' id='word_1_79' title='bbox 677 1532 810 1570; x_wconf 88' lang='lat' dir='ltr'><strong>caussam:</strong></span> 
     </span>
    </p>

    <p class='ocr_par' dir='ltr' id='par_1_6' title="bbox 168 1589 865 1663">
     <span class='ocr_line' id='line_1_16' title="bbox 168 1589 865 1663; baseline -0.003 -18"><span class='ocrx_word' id='word_1_80' title='bbox 168 1603 185 1608; x_wconf 80' lang='grc'>”</span> <span class='ocrx_word' id='word_1_81' title='bbox 243 1589 381 1652; x_wconf 72' lang='lat' dir='ltr'><strong>etmbrrr&#39;s</strong></span> <span class='ocrx_word' id='word_1_82' title='bbox 394 1597 424 1643; x_wconf 90' lang='lat' dir='ltr'><strong>ut</strong></span> <span class='ocrx_word' id='word_1_83' title='bbox 433 1589 524 1646; x_wconf 88' lang='lat' dir='ltr'><strong>salvus</strong></span> <span class='ocrx_word' id='word_1_84' title='bbox 532 1599 623 1663; x_wconf 81' lang='lat' dir='ltr'><strong>regnet</strong></span> <span class='ocrx_word' id='word_1_85' title='bbox 632 1594 756 1661; x_wconf 85' lang='lat' dir='ltr'><strong>vivatque</strong></span> <span class='ocrx_word' id='word_1_86' title='bbox 766 1591 865 1654; x_wconf 91' lang='lat' dir='ltr'><strong>beatus,</strong></span> 
     </span>
    </p>

    <p class='ocr_par' dir='ltr' id='par_1_7' title="bbox 189 1659 956 2623">
     <span class='ocr_line' id='line_1_17' title="bbox 190 1659 867 1736; baseline -0.003 -15"><span class='ocrx_word' id='word_1_87' title='bbox 190 1678 215 1721; x_wconf 77' lang='lat' dir='ltr'><strong>tc</strong></span> <span class='ocrx_word' id='word_1_88' title='bbox 244 1667 303 1720; x_wconf 89' lang='lat' dir='ltr'><strong>Isne</strong></span> <span class='ocrx_word' id='word_1_89' title='bbox 312 1665 360 1719; x_wconf 92' lang='lat' dir='ltr'><strong>tibi</strong></span> <span class='ocrx_word' id='word_1_90' title='bbox 371 1671 454 1720; x_wconf 69' lang='lat' dir='ltr'><strong>riserit.</strong></span> <span class='ocrx_word' id='word_1_91' title='bbox 494 1667 747 1736; x_wconf 86' lang='lat' dir='ltr'><strong>Nestcrcompcnerc</strong></span> <span class='ocrx_word' id='word_1_92' title='bbox 758 1663 815 1719; x_wconf 87' lang='lat' dir='ltr'><strong>lites</strong></span> <span class='ocrx_word' id='word_1_93' title='bbox 863 1659 867 1674; x_wconf 91' lang='lat'>&#39;</span> 
     </span>
     <span class='ocr_line' id='line_1_18' title="bbox 243 1740 764 1811; baseline 0.002 -18"><span class='ocrx_word' id='word_1_94' title='bbox 243 1741 285 1794; x_wconf 78' lang='lat' dir='ltr'><strong>»si</strong></span> <span class='ocrx_word' id='word_1_95' title='bbox 294 1741 389 1811; x_wconf 87' lang='lat' dir='ltr'><strong>possis,</strong></span> <span class='ocrx_word' id='word_1_96' title='bbox 401 1740 518 1796; x_wconf 82' lang='lat' dir='ltr'><strong>rccttiuat</strong></span> <span class='ocrx_word' id='word_1_97' title='bbox 527 1749 552 1794; x_wconf 87' lang='lat' dir='ltr'><strong>at</strong></span> <span class='ocrx_word' id='word_1_98' title='bbox 562 1741 629 1794; x_wconf 90' lang='lat' dir='ltr'><strong>inter</strong></span> <span class='ocrx_word' id='word_1_99' title='bbox 641 1740 764 1794; x_wconf 81' lang='lat' dir='ltr'><strong>Atriden:</strong></span> 
     </span>
     <span class='ocr_line' id='line_1_19' title="bbox 243 1814 956 1904; baseline -0.007 -36"><span class='ocrx_word' id='word_1_100' title='bbox 243 1823 291 1870; x_wconf 77' lang='lat' dir='ltr'><strong>aut</strong></span> <span class='ocrx_word' id='word_1_101' title='bbox 302 1815 550 1904; x_wconf 62' lang='lat' dir='ltr'><strong>prcpirmapupidem</strong></span> <span class='ocrx_word' id='word_1_102' title='bbox 560 1816 733 1870; x_wconf 85' lang='lat' dir='ltr'><strong>communiter</strong></span> <span class='ocrx_word' id='word_1_103' title='bbox 742 1814 796 1868; x_wconf 92' lang='lat' dir='ltr'><strong>urit</strong></span> <span class='ocrx_word' id='word_1_104' title='bbox 805 1820 956 1884; x_wconf 86' lang='lat' dir='ltr'><strong>utrumque.</strong></span> 
     </span>
     <span class='ocr_line' id='line_1_20' title="bbox 244 1879 841 1963; baseline -0.007 -18"><span class='ocrx_word' id='word_1_105' title='bbox 244 1879 565 1963; x_wconf 70' lang='lat' dir='ltr'><strong>anqui.1deliradtrege8,</strong></span> <span class='ocrx_word' id='word_1_106' title='bbox 578 1890 727 1961; x_wconf 88' lang='lat' dir='ltr'><strong>plectuntur</strong></span> <span class='ocrx_word' id='word_1_107' title='bbox 736 1889 841 1942; x_wconf 80' lang='lat' dir='ltr'><strong>Achivi.</strong></span> 
     </span>
     <span class='ocr_line' id='line_1_21' title="bbox 245 1963 843 2035; baseline -0.005 -17"><span class='ocrx_word' id='word_1_108' title='bbox 245 1963 355 2028; x_wconf 88' lang='lat' dir='ltr'><strong>liberue,</strong></span> <span class='ocrx_word' id='word_1_109' title='bbox 368 1963 444 2026; x_wconf 84' lang='lat' dir='ltr'><strong>dolis,</strong></span> <span class='ocrx_word' id='word_1_110' title='bbox 457 1964 552 2017; x_wconf 88' lang='lat' dir='ltr'><strong>scelere</strong></span> <span class='ocrx_word' id='word_1_111' title='bbox 561 1974 639 2035; x_wconf 88' lang='lat' dir='ltr'><strong>atque</strong></span> <span class='ocrx_word' id='word_1_112' title='bbox 649 1964 759 2018; x_wconf 87' lang='lat' dir='ltr'><strong>libidine</strong></span> <span class='ocrx_word' id='word_1_113' title='bbox 770 1971 796 2033; x_wconf 86' lang='lat' dir='ltr'><strong>et</strong></span> <span class='ocrx_word' id='word_1_114' title='bbox 805 1964 843 2016; x_wconf 89' lang='lat' dir='ltr'><strong>ira</strong></span> 
     </span>
     <span class='ocr_line' id='line_1_22' title="bbox 189 2038 744 2107; baseline -0.005 -13"><span class='ocrx_word' id='word_1_115' title='bbox 189 2051 215 2094; x_wconf 81' lang='lat'><strong>70</strong></span> <span class='ocrx_word' id='word_1_116' title='bbox 244 2038 384 2104; x_wconf 83' lang='lat' dir='ltr'><strong>Quedintra</strong></span> <span class='ocrx_word' id='word_1_117' title='bbox 394 2055 484 2090; x_wconf 80' lang='lat' dir='ltr'><strong>mur-cs</strong></span> <span class='ocrx_word' id='word_1_118' title='bbox 496 2046 617 2107; x_wconf 87' lang='lat' dir='ltr'><strong>peccatur</strong></span> <span class='ocrx_word' id='word_1_119' title='bbox 627 2047 651 2092; x_wconf 85' lang='lat' dir='ltr'><strong>et</strong></span> <span class='ocrx_word' id='word_1_120' title='bbox 663 2047 744 2092; x_wconf 85' lang='lat' dir='ltr'><strong>extra.</strong></span> 
     </span>
     <span class='ocr_line' id='line_1_23' title="bbox 243 2111 852 2184; baseline -0.008 -16"><span class='ocrx_word' id='word_1_121' title='bbox 243 2132 306 2180; x_wconf 90' lang='lat' dir='ltr'><strong>non,</strong></span> <span class='ocrx_word' id='word_1_122' title='bbox 318 2132 327 2168; x_wconf 89' lang='grc' dir='ltr'>ι</span> <span class='ocrx_word' id='word_1_123' title='bbox 340 2111 406 2182; x_wconf 86' lang='lat' dir='ltr'><strong>quid</strong></span> <span class='ocrx_word' id='word_1_124' title='bbox 419 2111 501 2164; x_wconf 85' lang='lat' dir='ltr'><strong>virtus</strong></span> <span class='ocrx_word' id='word_1_125' title='bbox 512 2119 537 2164; x_wconf 88' lang='lat' dir='ltr'><strong>ct</strong></span> <span class='ocrx_word' id='word_1_126' title='bbox 549 2113 615 2183; x_wconf 90' lang='lat' dir='ltr'><strong>quid</strong></span> <span class='ocrx_word' id='word_1_127' title='bbox 624 2113 750 2184; x_wconf 87' lang='lat' dir='ltr'><strong>sapientia</strong></span> <span class='ocrx_word' id='word_1_128' title='bbox 763 2111 852 2181; x_wconf 88' lang='lat' dir='ltr'><strong>possit,</strong></span> 
     </span>
     <span class='ocr_line' id='line_1_24' title="bbox 243 2186 781 2260; baseline -0.007 -17"><span class='ocrx_word' id='word_1_129' title='bbox 243 2207 291 2243; x_wconf 91' lang='lat' dir='ltr'><strong>nec</strong></span> <span class='ocrx_word' id='word_1_130' title='bbox 301 2186 424 2260; x_wconf 67' lang='lat' dir='ltr'><strong>seruarc</strong></span> <span class='ocrx_word' id='word_1_131' title='bbox 435 2186 510 2239; x_wconf 90' lang='lat' dir='ltr'><strong>nobis</strong></span> <span class='ocrx_word' id='word_1_132' title='bbox 523 2186 656 2257; x_wconf 88' lang='lat' dir='ltr'><strong>exemplar</strong></span> <span class='ocrx_word' id='word_1_133' title='bbox 669 2187 781 2251; x_wconf 85' lang='lat' dir='ltr'><strong>Ulixem,</strong></span> 
     </span>
     <span class='ocr_line' id='line_1_25' title="bbox 243 2259 879 2335; baseline -0.006 -19"><span class='ocrx_word' id='word_1_134' title='bbox 243 2263 308 2317; x_wconf 92' lang='lat' dir='ltr'><strong>clim</strong></span> <span class='ocrx_word' id='word_1_135' title='bbox 318 2263 390 2335; x_wconf 90' lang='lat' dir='ltr'><strong>quod</strong></span> <span class='ocrx_word' id='word_1_136' title='bbox 401 2260 498 2332; x_wconf 67' lang='lat' dir='ltr'><strong>cuniae,</strong></span> <span class='ocrx_word' id='word_1_137' title='bbox 510 2259 656 2314; x_wconf 85' lang='lat' dir='ltr'><strong>multorum</strong></span> <span class='ocrx_word' id='word_1_138' title='bbox 665 2261 792 2331; x_wconf 66' lang='lat' dir='ltr'><strong>prouidus</strong></span> <span class='ocrx_word' id='word_1_139' title='bbox 801 2260 879 2312; x_wconf 88' lang='lat' dir='ltr'><strong>urbes</strong></span> 
     </span>
     <span class='ocr_line' id='line_1_26' title="bbox 243 2334 934 2408; baseline -0.012 -16"><span class='ocrx_word' id='word_1_140' title='bbox 243 2337 385 2408; x_wconf 88' lang='lat' dir='ltr'><strong>respondit,</strong></span> <span class='ocrx_word' id='word_1_141' title='bbox 397 2335 617 2405; x_wconf 71' lang='lat' dir='ltr'><strong>refaraainspexit,</strong></span> <span class='ocrx_word' id='word_1_142' title='bbox 630 2334 765 2405; x_wconf 88' lang='lat' dir='ltr'><strong>latumque</strong></span> <span class='ocrx_word' id='word_1_143' title='bbox 774 2352 820 2405; x_wconf 90' lang='lat' dir='ltr'><strong>per</strong></span> <span class='ocrx_word' id='word_1_144' title='bbox 830 2350 934 2403; x_wconf 85' lang='lat' dir='ltr'><strong>aequor,</strong></span> 
     </span>
     <span class='ocr_line' id='line_1_27' title="bbox 189 2407 929 2482; baseline -0.011 -16"><span class='ocrx_word' id='word_1_145' title='bbox 189 2424 216 2466; x_wconf 75' lang='lat'><strong>75</strong></span> <span class='ocrx_word' id='word_1_146' title='bbox 244 2413 333 2466; x_wconf 81' lang='lat' dir='ltr'><strong>omnia</strong></span> <span class='ocrx_word' id='word_1_147' title='bbox 343 2421 368 2466; x_wconf 88' lang='lat' dir='ltr'><strong>te</strong></span> <span class='ocrx_word' id='word_1_148' title='bbox 377 2412 518 2468; x_wconf 85' lang='lat' dir='ltr'><strong>adversum</strong></span> <span class='ocrx_word' id='word_1_149' title='bbox 527 2409 639 2482; x_wconf 79' lang='lat' dir='ltr'><strong>reditum</strong></span> <span class='ocrx_word' id='word_1_150' title='bbox 649 2416 731 2478; x_wconf 84' lang='lat' dir='ltr'><strong>parat,</strong></span> <span class='ocrx_word' id='word_1_151' title='bbox 747 2426 837 2477; x_wconf 90' lang='lat' dir='ltr'><strong>aspera</strong></span> <span class='ocrx_word' id='word_1_152' title='bbox 846 2407 929 2460; x_wconf 90' lang='lat' dir='ltr'><strong>multa</strong></span> 
     </span>
     <span class='ocr_line' id='line_1_28' title="bbox 243 2481 859 2544; baseline -0.005 -7"><span class='ocrx_word' id='word_1_153' title='bbox 243 2485 333 2540; x_wconf 80' lang='lat' dir='ltr'><strong>bellua</strong></span> <span class='ocrx_word' id='word_1_154' title='bbox 351 2486 495 2544; x_wconf 77' lang='lat' dir='ltr'><strong>multorum</strong></span> <span class='ocrx_word' id='word_1_155' title='bbox 512 2500 560 2542; x_wconf 67' lang='lat' dir='ltr'><strong>ean</strong></span> <span class='ocrx_word' id='word_1_156' title='bbox 571 2481 756 2534; x_wconf 86' lang='lat' dir='ltr'><strong>immersabilis</strong></span> <span class='ocrx_word' id='word_1_157' title='bbox 768 2483 859 2534; x_wconf 88' lang='lat' dir='ltr'><strong>undis.</strong></span> 
     </span>
     <span class='ocr_line' id='line_1_29' title="bbox 568 2554 751 2623; baseline -0.011 -17"><span class='ocrx_word' id='word_1_158' title='bbox 568 2555 659 2623; x_wconf 90' lang='lat' dir='ltr'><strong>pocula</strong></span> <span class='ocrx_word' id='word_1_159' title='bbox 670 2554 736 2606; x_wconf 88' lang='lat' dir='ltr'><strong>nosti</strong></span> <span class='ocrx_word' id='word_1_160' title='bbox 745 2572 751 2618; x_wconf 88' lang='lat'>;</span> 
     </span>
    </p>
   </div>
   <div class='ocr_carea' id='block_1_5' title="bbox 244 2627 885 2708">
    <p class='ocr_par' dir='ltr' id='par_1_8' title="bbox 244 2627 885 2708">
     <span class='ocr_line' id='line_1_30' title="bbox 244 2627 885 2708; baseline -0.011 -20"><span class='ocrx_word' id='word_1_161' title='bbox 244 2635 307 2689; x_wconf 86' lang='lat' dir='ltr'><strong>Pars</strong></span> <span class='ocrx_word' id='word_1_162' title='bbox 316 2633 456 2693; x_wconf 87' lang='lat' dir='ltr'><strong>hominum</strong></span> <span class='ocrx_word' id='word_1_163' title='bbox 466 2634 544 2708; x_wconf 78' lang='lat' dir='ltr'><strong>gestit</strong></span> <span class='ocrx_word' id='word_1_164' title='bbox 551 2646 582 2688; x_wconf 77' lang='lat' dir='ltr'><strong>aa</strong></span> <span class='ocrx_word' id='word_1_165' title='bbox 591 2627 757 2696; x_wconf 90' lang='lat' dir='ltr'><strong>cupidusque</strong></span> <span class='ocrx_word' id='word_1_166' title='bbox 766 2627 885 2695; x_wconf 87' lang='lat' dir='ltr'><strong>bibisset,</strong></span> 
     </span>
    </p>
   </div>
   <div class='ocr_carea' id='block_1_6' title="bbox 1001 2576 1028 2705">
    <p class='ocr_par' dir='ltr' id='par_1_9' title="bbox 1001 2576 1028 2705">
     <span class='ocr_line' id='line_1_31' title="bbox 1001 2576 1028 2705; baseline 0 0"><span class='ocrx_word' id='word_1_167' title='bbox 1001 2576 1014 2657; x_wconf 46' lang='lat' dir='ltr'><strong>l</strong></span> <span class='ocrx_word' id='word_1_168' title='bbox 1027 2696 1028 2705; x_wconf 67' lang='grc'>,</span> 
     </span>
    </p>
   </div>
   <div class='ocr_carea' id='block_1_7' title="bbox 0 0 1038 3067">
    <p class='ocr_par' dir='ltr' id='par_1_10' title="bbox 0 0 1038 3067">
     <span class='ocr_line' id='line_1_32' title="bbox 0 0 1038 3067; baseline 0 0"><span class='ocrx_word' id='word_1_169' title='bbox 0 0 1038 3067; x_wconf 95' lang='lat' dir='ltr'><strong> </strong></span> 
     </span>
    </p>
   </div>
  </div>
 </body>
</html>
