2067 3067
336 141 484 190 mana
518 144 570 193 ιν.
777 111 844 198 nr'

80 243 141 296 Non
151 240 233 294 ineisa
242 244 310 294 notis
320 259 450 296 marmora
462 243 586 312 publicis,

79 333 128 387 per
137 333 205 387 quae
214 316 322 386 spiritus
331 323 357 369 et
368 318 422 370 vita
431 317 497 370 redit
505 319 582 372 bonis

79 398 140 461 post
149 397 258 443 mortem
268 390 390 454 ducibus,
403 408 456 446 non
466 390 560 446 oeleros
570 391 647 464 fugae

80 464 242 534 reiectaeque
251 472 393 518 retrorsum
403 465 558 520 Hannibalis
568 467 663 533 minae,

81 536 145 612 [non
156 538 277 592 inoendia
286 538 452 611 Carthaginis
461 538 579 615 impiae]

81 613 149 677 eius,
161 611 209 684 qui
218 611 314 666 domita
324 631 419 668 nomen
430 614 463 668 ab
472 612 559 670 Africa

81 685 197 740 lucratus
205 686 290 751 rediit,
302 687 397 742 clarius
409 688 527 743 indicant

81 760 182 824 laudes,
194 779 276 831 quam
286 760 409 816 Calabrae
419 763 543 817 Pierides.
582 765 681 836 Neque¹

81 835 105 888 si
114 835 216 888 chartae
224 834 325 900 sileant,
337 835 409 907 quod
420 836 595 900 benefeceris,

81 909 226 963 meroedem
236 909 336 963 tuleris.
375 909 590 975 Quidioretlliaa

2 985 3 1003 ³
82 984 259 1054 Mavortisque
267 1000 342 1055 puer,
354 983 378 1037 si
391 984 552 1039 taciturnitas

81 1057 194 1111 obstaret
203 1058 302 1111 meritis
312 1058 403 1113 invida
412 1058 537 1113 Romuli?

81 1133 208 1202 Ereptum
217 1131 317 1205 Stygiis
326 1131 450 1188 fluetibus
459 1133 574 1188 Aeacum

82 1207 168 1260 virtus
176 1214 201 1260 et
209 1206 282 1261 favor
291 1215 317 1260 ot
326 1205 417 1280 lingua
426 1209 572 1279 potentium

84 1288 173 1335 vatum
184 1281 312 1335 divitibus
321 1290 452 1336 oooseorat
461 1282 567 1338 insulis.

82 1354 199 1428 Dignum
209 1354 286 1410 laude
294 1356 384 1410 virum
394 1358 469 1411 Musa
479 1365 548 1412 vetat
559 1358 640 1426 mori;

82 1430 152 1484 coelo
160 1431 236 1485 Musa
246 1431 314 1485 beat.
353 1429 474 1486 Siclovis
487 1431 593 1488 interest

81 1505 175 1574 optatis
184 1504 270 1575 epulis
281 1505 394 1578 impiger
406 1505 542 1561 Hercules:

82 1579 182 1634 clarum
192 1580 356 1653 Tyndaridae
365 1581 439 1635 sidus
449 1581 483 1634 ab
492 1580 593 1636 infimis

82 1672 192 1725 quassas
201 1653 317 1724 eripiunt
326 1655 484 1725 aequoribus
494 1663 575 1709 rates:

81 1736 189 1783 ornatus
199 1728 277 1783 viridi
286 1735 401 1800 tempora
410 1729 537 1800 pampino

81 1804 160 1858 Liber
169 1810 227 1860 rota
236 1803 319 1859 bonos
329 1803 401 1858 ducit
410 1804 444 1856 ad
455 1803 552 1857 exitus.

318 2001 460 2060 oon
518 1999 585 2076 rx.

242 2120 312 2163 ΔΙ)
365 2119 665 2165 [rosulum.

114 2274 206 2314 Lollium
214 2275 338 2320 laudaturus,
347 2275 448 2325 praefatur
457 2277 481 2314 de
491 2273 585 2312 caminia
594 2271 742 2312 immortalitate
750 2275 825 2318 poten-

80 2337 162 2388 tiaqu03
175 2337 248 2376 deiude
256 2337 359 2387 magnifice
368 2339 455 2378 romulis
467 2338 553 2376 virtutes
562 2337 665 2376 illustram
668 2361 677 2380 ,
690 2332 826 2372 innocentiam

82 2400 125 2438 einr
142 2399 241 2450 imprimis
255 2402 346 2450 extollit3
363 2403 385 2440 in
397 2401 437 2440 fine
451 2407 572 2440 contemtum
584 2397 713 2444 divitiarum,
725 2403 826 2446 umqum

81 2470 164 2501 matrem
174 2463 237 2501 omnir
246 2476 304 2502 verre
312 2463 402 2510 virtutis,
412 2465 558 2502 commendans.
582 2465 643 2502 Metr.
655 2463 716 2500 xvl.

118 2534 165 2600 Ne
172 2545 237 2601 forte
246 2547 336 2604 credas
344 2547 489 2613 interitura,
501 2563 578 2618 quae,

119 2619 198 2695 longe
206 2629 342 2678 sonantem
350 2630 428 2680 natus
441 2622 476 2677 ad
484 2620 621 2685 Aufidum,

234 2937 370 3032 ‚s

1031 2249 1033 2326 t

1028 2331 1032 2457 i
