2067 3067
286 142 356 189 LIB.
377 142 400 189 1.
428 140 551 189 EPIBT.
569 140 592 188 1.
762 135 813 192 239

68 243 166 301 crustis
176 249 200 297 et
209 244 296 314 [tomis
306 243 401 299 viduas
410 253 540 297 venentur
548 261 649 309 avaras,

68 320 255 391 excipiantque
263 335 348 382 senes,
360 333 428 389 quos
436 318 465 372 in
474 318 576 373 vivaria
589 318 707 387 mittant;

69 394 162 451 multis
171 392 272 447 occulto
280 390 546 448 crescitresloenore.
585 392 684 448 Verum

69 477 134 534 esto,
147 468 205 522 aliis
215 467 280 521 alios
292 466 371 521 rebus
382 466 531 539 studiisque
538 467 635 522 teneri:

70 544 151 599 iidem
162 543 251 597 eadem
262 548 373 612 possunt
380 540 472 596 horam
482 542 577 597 durare
588 541 745 614 probantes?

69 618 185 674 »Nullus
195 618 223 672 iu
232 618 295 671 orbe
304 616 380 671 sinus
388 616 458 670 Baiis
465 616 597 688 praelucet
605 618 740 672 amoenis«

70 696 94 750 si
104 694 173 748 dixit
182 692 265 755 dives,
278 690 350 745 lacus
359 697 385 745 et
394 708 466 746 mare
475 692 554 747 sentit
562 709 679 747 amorem

69 768 218 823 festinantis
227 767 296 820 heri:
318 765 361 819 cui
370 765 394 819 si
404 765 497 821 vitiosa
506 765 590 821 libido

69 843 159 899 lecerit
167 841 324 912 auspicium,
336 856 411 895 acras
420 840 576 897 ferramenta
586 842 704 899 reanum

70 917 192 981 »tolletis
204 916 270 971 labri
279 916 305 969 lu
323 915 417 972 Lectus
426 915 539 989 genialis
548 916 576 970 in
587 915 647 971 aula
656 923 709 971 est:

70 994 109 1049 nil
123 993 159 1048 ait
167 1009 224 1046 esse
233 990 317 1062 prius,
331 988 426 1047 melius
435 989 473 1045 nil
483 990 582 1045 caelibe
592 990 658 1045 vita:

71 1069 159 1123 sinon
169 1075 215 1131 est,
228 1067 297 1121 iurat
305 1064 373 1119 bene
382 1064 445 1118 solis
454 1082 511 1119 esse
520 1064 632 1119 maritis.

71 1143 131 1208 Quo
139 1149 239 1197 teneam
249 1138 340 1195 vultus
350 1146 495 1197 mutantem
506 1141 596 1195 Protea
606 1138 694 1195 ncdc‘l

71 1214 267 1288 Qnidpauper?
285 1214 364 1269 Ridet
385 1213 625 1279 mutatcocnamta,
638 1213 724 1281 lectos,

71 1291 172 1358 balnea,
185 1299 313 1347 tonsores:
334 1290 461 1353 conducto
470 1291 577 1367 navigio
586 1307 670 1363 neque

71 1375 179 1423 nauseat
189 1384 218 1421 ac
228 1364 351 1436 locuples,
364 1383 444 1437 quem
458 1366 531 1423 ducit
539 1366 615 1437 priva
624 1367 747 1424 triremis.

71 1443 99 1497 Si
109 1450 223 1497 curtatus
233 1439 365 1512 inaequali
374 1449 476 1498 tonsore
488 1442 597 1513 capillos

70 1534 187 1581 occurro,
200 1516 282 1569 rides:
303 1514 327 1567 si
338 1513 402 1569 lorte
410 1514 542 1575 subucula
555 1533 638 1585 pexae

72 1593 132 1645 trita
142 1592 232 1644 subest
243 1588 355 1649 tunicae,
368 1587 409 1641 vel
420 1591 444 1646 si
455 1597 515 1659 toga
524 1588 634 1644 dissidet
643 1590 728 1645 imur

73 1665 157 1719 rides:
178 1662 253 1732 qnid,
265 1678 322 1715 mea
333 1677 417 1729 quum
428 1669 530 1731 pugnat
538 1664 733 1719 senteareandis

73 1736 147 1809 quod
158 1737 239 1805 petiit,
252 1734 364 1804 spernit;
387 1735 477 1805 repetit
486 1734 560 1804 quod
569 1747 655 1789 nivae.

74 1810 284 1866 aestuatetvitae
292 1807 456 1864 disconvenit
465 1808 579 1865 crdiuet
604 1802 609 1815 ’
651 1823 668 1861 ο
686 1816 730 1866 tet.

74 1885 165 1949 diruit,
176 1884 301 1949 aedificat,
314 1890 398 1941 mutat
406 1880 534 1954 quadratu
547 1888 625 1940 rotun
654 1902 681 1940 s.
697 1889 757 1944 auri

74 1960 190 2015 insanire
199 1966 275 2031 putas
284 1956 412 2015 solemnia
421 1974 472 2023 me,
486 1974 572 2028 neque
581 1957 660 2024 rides,

74 2053 123 2091 nec
133 2035 226 2090 medici
237 2031 321 2089 credis
331 2050 378 2091 uec
386 2032 512 2091 curatoris
523 2049 599 2106 agere

74 2118 215 2183 apraetore
225 2109 288 2173 dati,
300 2123 389 2170 rerum
398 2107 478 2172 tutela
486 2126 606 2166 mearum
839 2129 866 2172 5⁰

74 2204 160 2258 quum
171 2186 208 2240 sis
218 2193 243 2239 et
252 2199 332 2256 prave
341 2192 440 2242 sectum
450 2183 620 2242 stomacheris
629 2183 736 2241 animet
745 2205 795 2256 res,

75 2260 108 2315 de
118 2269 142 2314 tc
151 2260 298 2332 pendentis,
309 2267 333 2339 tp
347 2259 509 2332 respicientis
519 2256 714 2329 amictam,

74 2334 116 2389 Ad
126 2353 268 2401 summam,
280 2335 385 2409 sepiens
395 2352 449 2394 uuo
459 2335 658 2393 minoramus.

74 2408 150 2474 liber,
162 2410 313 2479 honoratus,
325 2411 443 2482 pulcher,
458 2426 505 2467 rex
515 2408 595 2475 ‹hque
609 2404 738 2477 mlundls,
753 2428 810 2469 aoe-

75 2484 213 2557 praecipue
221 2504 312 2557 sanus,
325 2486 471 2559 nisiquum
480 2479 616 2607 duolgost'
643 2555 652 2610 l
691 2564 729 2615 m

480 2587 487 2603 t
573 2572 601 2609 re
609 2573 643 2611 vo
654 2574 691 2628 up
709 2602 738 2625 .·
838 2573 864 2618 55

468 2631 714 2701 lvctopetefinem.
