2067 3067
187 142 236 198 228
437 146 677 193 assultuum

188 247 392 318 »continuatque
401 246 490 319 dapes,
503 264 605 303 necnon
616 246 751 302 verniliter
760 246 826 317 ipsis

188 322 326 395 »iungitur
336 320 439 387 ciliciis,
451 322 601 393 praelibans
610 340 697 387 omne,
710 323 783 394 quod
792 322 874 376 affert.

133 408 173 452 llo
186 397 250 452 alllc
259 398 359 452 cubans
369 396 465 470 gaudet
474 405 574 452 mutata
583 406 659 462 sorte,
670 397 801 468 bonisque

187 474 285 527 arabus
295 474 348 545 agit
358 471 454 527 laetum
464 473 614 538 convivam,
626 490 712 545 quum
721 472 809 527 subito
818 473 914 545 iugens

187 548 344 603 »valvarum
354 548 478 619 strepitus
489 546 561 601 lectis
570 548 688 602 excussit
696 555 850 619 utrumque.

186 624 314 679 »Currere
323 640 369 694 per
381 628 463 675 totum
472 622 564 694 pavidi
575 622 706 687 conclave,
717 623 858 695 magisque

187 698 339 753 »exanimes
348 696 485 771 trepidare,
498 696 579 752 simul
590 698 687 752 domus
696 697 747 751 alta
756 696 877 752 Molossis

133 782 172 827 115
185 773 339 845 »personuit
350 773 471 827 canibus.
512 774 582 828 Tum
600 773 728 828 rusticus:
755 772 851 827 »Haud
863 772 934 827 mibi

678 848 731 903 vita

186 931 256 978 »nest
268 940 335 995 opus
350 923 434 991 hac;«
447 924 492 988 ait,
509 931 547 977 et:
568 922 687 991 avaleaa3
708 923 934 979 mesilvacavus-

680 1015 732 1069 quc

186 1081 290 1130 astutus
302 1076 335 1129 ab
346 1074 451 1129 insidiis
461 1074 532 1130 tenui
543 1072 670 1127 solabitur
683 1089 788 1127 eruco«
862 1120 868 1127 .

365 1297 615 1355 SATYRA
665 1297 754 1353 vll.

185 1536 238 1573 Usus
252 1534 344 1573 libertale
353 1532 489 1573 Saturnalium
502 1545 571 1570 nervus
584 1530 669 1570 Horatio
678 1530 728 1569 vitiu
740 1533 856 1582 exprobrat,
865 1540 885 1570 et
894 1534 931 1571 io-

229 1597 299 1647 primis
308 1597 463 1636 inconstantiam
472 1597 494 1635 in
503 1597 542 1634 hoc
553 1598 587 1634 vel
595 1596 632 1634 illo
641 1595 694 1634 vitre
703 1608 774 1643 genere
783 1596 889 1633 laudando.

223 1672 325 1737 Divus.
342 1682 396 1735 lam
412 1680 515 1736 dudum
528 1678 657 1744 ausculto,
672 1687 698 1732 et
711 1679 820 1750 cupiens
829 1679 878 1732 tibi
888 1679 932 1733 di-

678 1771 735 1808 cere
744 1770 836 1808 servus

185 1847 280 1902 pauca,
298 1832 447 1887 reformido.
487 1849 613 1887 uonurrus.
638 1828 779 1884 Davusne?
806 1848 864 1883 niv.
880 1831 927 1895 lta,

676 1906 773 1968 Davus,
786 1905 902 1957 amicum

183 1980 346 2051 mancipium
356 1981 472 2045 domiuo,
486 1989 511 2033 et
520 1980 591 2052 frugi
606 1979 677 2051 quod
690 1979 805 2043 sosacio,
821 1980 871 2033 boc
878 1988 926 2044 est,

182 2062 213 2108 ut
222 2054 300 2109 vitale
309 2063 394 2127 putes.
433 2074 490 2110 uon.
503 2054 567 2127 Age,
581 2055 697 2108 libertate
706 2055 850 2120 Decembri,

182 2129 289 2200 quaudo
299 2131 334 2183 ita
344 2130 455 2185 maiores
465 2128 613 2192 voluerunt,
626 2136 711 2196 utere3
730 2148 820 2183 nerra.

182 2206 309 2259 nav.Pars
319 2205 459 2259 bominum
465 2204 538 2258 vitiis
547 2204 644 2276 gaudet
653 2212 806 2264 constanter.
819 2212 844 2258 et
852 2213 930 2277 urget

181 2280 358 2350 propositum;
384 2296 445 2351 pars
463 2278 546 2333 multa
565 2286 649 2340 natat,
665 2278 743 2332 modo
757 2288 824 2333 recta
838 2296 929 2350 capes·

673 2370 743 2417 sens,

182 2427 314 2481 interdum
324 2429 413 2498 pravis
422 2428 547 2483 obnoxia.
587 2428 668 2498 Saepe
681 2436 784 2483 notatus

181 2518 242 2553 cum
253 2502 337 2554 tribus
347 2503 467 2566 numellis,
484 2502 562 2556 modo
573 2502 646 2555 laeva
657 2503 762 2555 Priscus
773 2503 855 2568 inani,

126 2585 152 2627 lu
183 2575 250 2626 vixit
260 2575 414 2646 inaequalia,
427 2577 533 2630 clavum
541 2584 572 2629 ut
581 2584 693 2629 mutaret
703 2577 730 2629 in
743 2577 830 2642 boras,

181 2648 290 2702 aedibus
300 2666 332 2703 cx
343 2652 448 2723 maguis
457 2651 545 2705 subito
554 2668 582 2705 se
592 2651 721 2716 conderet,
732 2651 805 2705 trude
