2067 3067
308 142 463 191 LIBER(
491 140 541 186 lv.

128 260 225 302 vexare
234 249 343 307 turmas,
355 252 379 296 et
392 242 543 294 frementem
561 256 566 268 ·

167 327 267 372 mittere
277 336 377 388 equum
388 318 487 369 medios
497 331 544 382 per
555 313 639 383 ignes.

92 418 135 472 Sic
145 417 305 472 tauriformis
316 416 429 470 volvitur
439 413 561 474 Aufidus,

4 510 5 525 2
93 493 140 563 qui
150 511 229 564 regna
240 492 324 544 Dauni
338 489 456 560 praefluit
466 486 574 557 Appuli,

130 585 216 638 quum
226 567 316 628 saevit,
330 563 540 631 horrendamque
549 558 626 613 cultis

168 641 295 693 diluviem
307 639 446 691 meditatur
456 636 540 708 agris:

92 752 122 798 ut
131 745 303 797 barbarorum
315 743 442 797 Claudius
455 741 561 811 agmina

94 818 186 872 ferrata
198 827 269 872 vasto
279 819 360 870 diruit
371 818 483 886 impetu;

131 895 284 963 primosque
294 900 319 944 et
329 899 457 943 extremos
472 885 601 942 metendo.

169 968 261 1020 stravit
271 967 394 1028 humum,
407 964 464 1016 sine
473 960 545 1014 clade
555 958 648 1026 viet0r3

9 1122 12 1133 .
95 1077 225 1144 temptas,
238 1083 263 1127 te
272 1073 414 1128 consilium
435 1076 529 1122 ettuos

2 1190 3 1193 κ
34 1175 38 1184 ·
95 1151 233 1220 praebente
243 1149 328 1203 divos.
368 1149 444 1207 Nam,
457 1143 504 1195 tibi
516 1157 570 1212 quo
579 1139 621 1194 die

132 1234 223 1294 portus
233 1221 394 1276 Alexandrea
405 1218 518 1288 supplex

171 1306 195 1351 et
204 1315 314 1351 vacuam
324 1294 441 1367 patefecit
450 1292 549 1354 autam,

97 1407 211 1459 Fortuna
223 1404 305 1456 lustro
315 1419 436 1473 prospera
447 1401 521 1453 tertio

67 1545 71 1551 Ι
96 1481 158 1534 beiti
170 1479 298 1531 secundos
310 1478 421 1530 reddidit
435 1477 531 1536 exitus,
557 1509 563 1522 .
624 1499 626 1504 ·

134 1553 293 1622 laudemque
302 1561 326 1604 et
336 1559 451 1621 optatum
463 1545 572 1618 peractis

173 1627 291 1697 imperiis
301 1627 380 1678 decus
391 1623 529 1694 aeravit.

98 1738 134 1788 Te
144 1735 272 1789 Cantaber
282 1748 334 1786 nou
343 1739 402 1786 ante
412 1727 560 1788 domabilis,

98 1809 243 1878 Medusque
253 1818 278 1860 et
288 1807 378 1869 ludus,
391 1801 551 1874 teproiugus
562 1795 670 1869 Scythes

136 1885 256 1945 miratur,
269 1880 372 1934 otutela
384 1893 506 1949 praesens

174 1955 446 2042 Italiae‘dominaeque
458 1951 563 2002 Romae.

100 2063 270 2129 Te‚'fontium
280 2063 327 2133 qui
337 2059 402 2114 celat
410 2057 535 2128 origines,

100 2141 240 2208 Nilusque,
252 2146 277 2189 et
286 2139 358 2197 Ister,
371 2143 395 2185 te
405 2132 512 2201 rapidus
523 2126 618 2200 Tigris,

138 2223 163 2267 te
174 2213 307 2265 belluosus
316 2209 364 2278 qui
378 2207 482 2260 remotis

176 2285 301 2354 obstrepit
311 2283 429 2336 Oeeanus
442 2275 582 2337 BritanniS,
625 2331 626 2334 Ἴ

100 2404 126 2448 te
136 2412 188 2447 non
198 2392 318 2463 paventis
328 2389 417 2442 funera
428 2385 537 2446 Galliae,

102 2471 236 2537 duraeque
246 2466 323 2518 tellus
333 2463 405 2516 audit
416 2460 526 2514 iberiae:

141 2552 165 2595 te
174 2541 251 2595 caede
261 2539 404 2611 gaudentes
414 2529 556 2605 Sygambri
565 2601 570 2610 1

178 2614 328 2685 corapositis
340 2616 495 2667 venerantur
505 2619 596 2657 armis.

103 2725 230 2763 HORATIUS.
411 2726 413 2730 ’
658 2687 671 2739 1
