2067 3067
372 158 528 202 LIBER.

113 257 311 329 perambulabis
320 265 388 311 astra
398 258 473 312 sidus
482 275 603 311 aureum.

113 333 223 387 infamis
232 332 343 387 Helenae
351 333 440 387 Castor
450 332 564 386 offensus
575 334 639 397 vioe,

113 407 244 479 fraterque
254 408 344 479 magni
354 407 475 471 Castoris,
488 408 550 461 victi
559 425 645 478 prece,

114 482 233 553 adempta
245 483 297 535 vati
307 481 442 535 reddidere
452 482 566 536 lumina:

114 565 140 610 et
149 565 187 620 tu,
199 564 270 626 potes
280 570 351 620 nam,
364 556 486 610 solvente
495 556 632 620 dementia,

114 650 131 686 0
141 649 189 685 nec
197 631 311 702 paternis
320 631 433 684 obsoleta
442 631 574 695 sordibus,

114 723 163 759 nee
173 707 199 759 in
210 704 337 776 sepulcris
346 723 491 776 pauperum
501 705 616 776 prudens
627 723 693 760 anus

114 780 283 834 novendiales
292 779 419 850 dissipare
428 780 563 850 pulveres!

115 856 175 908 Tibi
186 854 312 925 hospitale
322 863 412 924 peetus
421 863 446 906 et
455 871 535 923 purae
546 871 652 920 mauus3

115 938 230 1000 tuusque
239 937 328 982 venter
338 930 510 998 partumeius,
522 936 546 980 et
556 937 599 1002 tuo

115 1021 206 1058 cruore
217 1006 310 1057 rubros
319 1003 444 1056 obstetrix
456 1020 555 1072 pannos
567 1002 637 1066 tavit,

115 1087 260 1151 utcumque
268 1077 341 1132 fortis
350 1077 441 1132 exsilis
450 1095 577 1149 puerpera
582 1107 590 1130 .’

273 1228 418 1264 CAMDIAE
450 1227 621 1263 RESPONSIO.

116 1299 187 1366 Quid
196 1300 321 1354 obseratis
331 1301 440 1354 auribus
449 1300 539 1354 fundis
552 1299 657 1371 preces?

115 1377 173 1428 Non
183 1393 245 1428 saxa
257 1375 335 1429 nudis
345 1376 463 1430 surdiora
474 1378 569 1430 navitis

116 1451 255 1519 Neptunus
265 1449 315 1504 alto
325 1451 411 1504 tundit
421 1451 547 1505 hibernus
558 1451 619 1505 salo.

116 1525 219 1577 Inuitus
230 1532 258 1577 ut
267 1533 296 1577 tu
307 1526 393 1578 riseris
403 1526 513 1598 Cotyttia

118 1598 232 1670 vulgata,
243 1616 347 1653 sacrum
360 1600 434 1653 liberi
445 1599 602 1670 Cupidinis?

116 1681 150 1736 et,
161 1673 298 1744 Exquilini
310 1674 425 1744 pontifex
435 1675 552 1736 venefici,

117 1747 225 1817 impune
235 1757 264 1801 ut
275 1750 369 1802 Urbem
380 1749 485 1801 nornine
495 1745 612 1816 impleris
622 1747 697 1802 rneo‘?

118 1821 188 1886 Quid
198 1823 315 1892 proderat
324 1823 420 1875 ditasse
431 1822 550 1893 Pelignus
561 1839 636 1885 anus,

60 1956 63 1967 ¹
118 1897 411 1951 veloeiusvemisouisse
422 1894 555 1949 toxicum?

62 1970 66 1989 ’·
118 1971 168 2024 Sed
178 1971 294 2028 tardiora
303 1973 354 2029 iata
363 1981 387 2025 te
398 1971 462 2025 votis
473 1979 591 2037 manent;

118 2045 218 2118 ingrata
229 2049 324 2101 misero
335 2048 386 2101 vita
396 2048 513 2101 diruenda
524 2054 570 2110 est,
583 2046 677 2112 iubeo,

117 2122 194 2173 novis
204 2129 233 2174 ut
242 2139 327 2191 usque
337 2132 458 2192 suppetas
470 2123 613 2176 laboribus.

117 2193 194 2264 Optat
206 2197 320 2265 quietern
331 2198 431 2267 Pelopis
442 2198 540 2250 infidus
554 2206 632 2266 pater,

118 2286 196 2340 egens
207 2271 335 2342 benignae
345 2273 468 2325 Tantalus
478 2289 579 2340 semper
590 2271 678 2342 dapis3

117 2353 186 2412 optat
196 2346 372 2409 Prometheus,
384 2347 514 2418 obligatus
529 2346 597 2411 aiiti;

69 2480 73 2491 Ι
117 2427 186 2487 optat
196 2436 318 2488 supremo
327 2420 450 2474 collocare
461 2419 592 2489 Sisyphus

118 2492 145 2544 in
156 2503 243 2546 monte
253 2512 361 2548 saxum:
382 2495 427 2547 sed
441 2500 525 2546 vetant
540 2492 607 2563 leges
617 2493 669 2548 Iov'

101 2572 104 2589 ³
118 2566 193 2621 Voles
204 2569 281 2621 modo
290 2570 349 2622 aitis
359 2568 463 2620 desilire
474 2566 599 2628 turribus,

72 2691 75 2693 Α
100 2656 104 2659 ’
117 2641 195 2695 modo
204 2660 265 2695 ense
274 2652 365 2712 pectus
375 2641 468 2694 Norico
477 2637 615 2689 recludere.
