2067 3067
220 115 269 170 ΞΗ
448 117 727 167 uvlsuounlum

372 309 399 364 E
417 307 443 366 Ρ
461 305 476 362 1
495 305 516 363 S
534 304 563 363 Τ
582 307 607 363 0
625 306 651 361 L
669 307 697 362 Α
742 307 809 363 lv.

339 408 389 451 nn
414 407 578 452 sculum
603 407 873 452 ricuinum·

221 603 336 647 scissum,
346 603 395 652 quid
404 607 459 650 agiu
473 601 542 640 lanum
550 599 609 638 nmini
618 599 697 646 reuma,
711 606 730 638 ct
740 607 762 639 nt
772 613 792 639 se
800 602 928 652 Epicureum
938 605 973 642 vi·

521 669 560 708 m,
569 663 650 701 invit-t.
720 685 724 690 -

182 755 185 762 ’
259 757 337 828 Albi,
350 771 498 818 nostrorum
507 779 661 818 sermonum
670 761 780 818 candide
789 764 879 829 iudex,

222 839 289 912 quid
300 855 371 894 nunc
381 846 405 892 te
415 837 501 892 dicam
511 837 593 892 iacere
602 837 630 891 in
643 838 748 910 regione
758 838 880 892 Pedana?

223 914 344 977 scribere,
356 912 429 984 quod
438 912 517 968 Cassi¹
523 912 671 966 Parmensis
683 912 811 983 opuscula
820 913 928 969 vincat?

223 1007 256 1042 an
269 988 377 1042 tacitum
386 985 468 1042 silvas
480 987 548 1040 inter
558 993 658 1056 reptare
667 985 794 1052 salubres,

168 1071 181 1115 5
223 1069 358 1117 curantem
369 1058 504 1132 quidquid
513 1061 626 1133 dignum
634 1061 750 1132 sapiente
759 1061 882 1133 bonoque
891 1063 952 1116 est?

222 1138 280 1191 Non
290 1146 319 1190 tu
327 1151 423 1207 corpus
432 1152 489 1189 ems
498 1135 556 1188 sine
564 1142 678 1205 pectore:
699 1133 917 1202 ditibiformam,

222 1211 250 1264 di
260 1210 308 1264 tibi
318 1207 571 1278 divities'dcderunt‚
584 1216 719 1280 artemque
728 1208 843 1264 fruendi.

222 1283 294 1350 Quid
303 1289 395 1339 voveat
406 1281 478 1337 dulci
488 1280 620 1345 nutricula
629 1285 715 1338 maius
725 1284 841 1349 alumno.

222 1357 271 1430 qui
281 1374 371 1429 supere
380 1363 405 1410 et
417 1355 465 1410 fari
476 1357 635 1429 possitquae
644 1359 746 1422 sentiat,
759 1366 784 1413 et
792 1359 835 1413 cui

139 1431 141 1434 ’
168 1442 195 1486 ¹0
222 1432 314 1506 gratia,
325 1429 404 1496 fame,
417 1429 539 1486 valetudo
549 1432 682 1504 contingat
691 1432 805 1498 abunde,

222 1514 247 1562 ct
257 1504 374 1562 mundus
384 1505 480 1572 victus,
492 1523 545 1562 non
555 1505 691 1560 deficiente
702 1505 845 1562 crumena?

222 1584 292 1636 [nter
301 1597 376 1652 spem
385 1596 538 1654 curamque,
549 1580 655 1635 timores
664 1586 732 1636 mter
740 1587 765 1635 et
776 1581 838 1646 iras,

222 1672 328 1710 omnem
337 1653 412 1710 crede
421 1653 492 1710 diem
501 1654 550 1710 tihi
559 1654 688 1710 diluxisse
696 1672 862 1727 supremum.

223 1729 301 1784 Grata
311 1729 485 1802 superveniet,
497 1745 567 1803 quae
575 1747 628 1784 non
637 1730 793 1801 sperabitur,
803 1729 877 1785 hora.

169 1813 195 1857 ¹5
222 1803 264 1859 Me
272 1805 400 1879 pinguem
408 1811 434 1860 et
443 1803 559 1860 nitidum
567 1804 635 1859 bene
644 1809 732 1860 curata
741 1811 800 1859 cute
809 1804 889 1871 vises,

222 1895 308 1950 quum
317 1879 402 1936 ridere
411 1879 483 1938 voles
492 1877 602 1952 Epicuri
611 1878 644 1934 de
652 1896 732 1953 grege
739 1895 859 1952 porcum.

389 2059 461 2117 ΕΡ
478 2057 494 2114 1
511 2058 533 2116 s
550 2062 580 2116 v
598 2048 669 2137 cu
685 2060 714 2114 Α
758 2062 799 2117 v.

436 2157 482 2204 AD
507 2158 748 2210 TORQUATUM.

222 2352 298 2394 Inviut
307 2352 392 2392 nmieun
401 2354 426 2392 cd
435 2366 516 2392 ocenum
525 2353 547 2392 in
555 2353 608 2392 diem
622 2361 668 2394 rute
676 2355 764 2403 Augusti
773 2357 867 2401 nntnlcm,
881 2369 966 2407 eumque

365 2418 390 2455 nd
398 2416 482 2454 hilurem
492 2423 511 2455 ct
520 2418 594 2455 iactum
602 2417 722 2456 vitrearum
732 2419 813 2457 excitet.

261 2505 295 2567 Si
305 2519 376 2584 potes
387 2513 521 2568 Archiacis
529 2517 641 2570 conviva
650 2516 802 2570 recumbere
811 2516 894 2582 lectis,

223 2603 272 2642 nec
280 2587 383 2644 modion
392 2603 499 2644 coenare
508 2588 586 2644 times
595 2588 654 2646 olus
665 2605 744 2646 omne
752 2590 856 2663 patella,
