2067 3067
269 162 275 176 ·
326 143 477 188 LIBER
513 143 563 191 1v.

67 241 244 298 nomissabora
252 241 372 306 Maximi,

106 317 131 370 si
142 324 237 371 torrere
247 315 318 371 iocur
327 316 433 387 quaeris
442 316 578 372 idoneum.

67 392 191 462 Namque
199 399 224 444 ot
233 389 330 444 nobilis
339 397 365 444 et
373 390 478 456 doeens,

106 473 132 518 et
139 482 187 534 pro
196 463 314 518 sollicitis
323 482 376 520 non
388 466 481 520 tacitus
493 466 555 532 reis,

68 547 94 593 et
103 546 210 592 oentum
219 555 285 609 puer
295 540 401 603 artium,

107 611 157 666 lato
166 613 243 684 signa
253 612 316 666 leret
326 613 434 668 militiae
443 621 516 669 tuae:

69 695 93 741 et
102 686 263 757 quandoque
271 689 398 757 potentior

106 760 188 832 largis
198 762 354 815 muneribus
367 762 454 816 riserit
461 762 569 828 aemuli,

69 833 185 889 Albanos
194 852 274 905 prope
284 843 309 888 to
318 834 390 890 lacus

106 916 185 978 ponet
194 926 367 964 marmoream
377 911 430 963 sub
438 910 512 963 traho
521 908 628 982 Cypria.

68 981 126 1036 illio
135 982 250 1053 plurima
260 985 370 1037 naribus

106 1055 186 1110 duoss
195 1058 282 1121 thura,
294 1057 420 1130 lyraeque
428 1065 454 1112 ot
462 1057 630 1130 Berecyntiae

68 1129 315 1186 deloctaboretibiao
486 1188 491 1196 ,

108 1206 199 1258 mixtis
208 1206 380 1271 carminibus,
393 1206 513 1261 nonsino
523 1204 624 1276 fistula:

70 1277 313 1350 illichispueridio

107 1370 206 1407 numen
216 1371 278 1408 cum
288 1355 384 1408 teneris
393 1354 544 1427 virginibus
556 1361 631 1407 tuum

69 1425 215 1491 laudantes,
227 1429 292 1499 pede
301 1428 412 1483 candido

106 1501 136 1554 in
145 1519 245 1556 morem
256 1501 357 1556 Salium
367 1510 405 1555 ter
415 1504 534 1575 quatient
543 1501 667 1558 humum.
711 1545 713 1550 .

68 1575 111 1629 Mo
120 1592 169 1629 neo
177 1575 283 1639 lomina,
296 1593 343 1630 noo
352 1593 418 1647 puer

106 1649 169 1713 iam,
183 1667 231 1703 neo
239 1668 299 1721 spes
310 1651 392 1704 animi
402 1649 508 1704 credula
518 1649 614 1713 mutui,

68 1740 118 1778 neo
127 1733 223 1778 certano
233 1725 306 1779 iuvat
315 1742 395 1788 mero,

106 1815 156 1852 neo
166 1799 265 1853 vincire
275 1800 351 1853 novis
360 1805 476 1868 tempora
487 1796 606 1850 lloribus.

68 1871 121 1925 Sod
130 1889 186 1937 our,
199 1872 265 1926 hou!
286 1873 422 1945 ligurine,
434 1888 481 1924 our

106 1956 196 2001 manat
206 1965 263 2001 rara
273 1965 345 2001 meas
356 1946 471 2019 lacryma
479 1962 527 2016 per
536 1942 635 2019 genas?

68 2037 117 2073 our
125 2019 240 2075 facunda
248 2039 342 2092 parum
351 2019 443 2074 doooro

108 2094 174 2149 inter
186 2096 265 2149 verba
276 2096 345 2148 cadit
353 2094 444 2168 lingua
457 2091 579 2147 silentio?

68 2170 210 2223 Nocturnis
219 2187 268 2242 ego
280 2169 392 2222 somniis

106 2243 160 2295 iam
170 2251 275 2313 captum
286 2250 368 2305 teneo,
380 2244 433 2296 iam
444 2241 576 2296 volucrem
586 2256 683 2310 sequor

67 2324 93 2369 to
101 2333 149 2387 per
157 2317 278 2388 gramina
288 2317 373 2370 Martii

106 2391 203 2461 campi,
216 2397 241 2444 to
249 2408 296 2462 per
306 2407 398 2461 aquas,
409 2389 483 2453 dure,
495 2386 636 2468 volubiles.

569 2477 579 2496 0

362 2528 526 2541 ...μ-..-

767 141 820 218 too
