2067 3067
292 118 363 163 LIB.
383 118 406 164 1.
437 120 520 167 ΕΔΤ.
540 121 586 166 lV.
763 114 811 165 ΠἾ

64 226 246 291 praetoremn,
257 218 305 289 qui
315 218 541 293 praebetaquem:
554 227 622 291 post,
629 220 813 293 huncquoque

559 305 645 365 potus,

64 367 168 435 eonditor
178 384 263 439 quum
274 384 355 423 verax
365 370 447 441 operit
455 370 605 441 praecordia
615 369 702 425 Liber.

64 444 113 498 Hic
122 442 170 497 tibi
180 442 262 497 comis
272 448 297 497 et
306 442 426 500 urbanus
437 444 489 499 libe
523 462 557 499 ue
566 444 682 509 videtur,
840 456 866 500 tr

64 518 158 573 infesto
168 518 266 591 nigris:
287 535 336 590 ego
346 520 369 573 si
379 520 486 593 risi,qu
533 520 639 590 ineptus
868 514 872 523 “

63 592 183 667 pastillos
193 591 308 647 Rufillus
317 593 377 660 olet,
391 594 543 669 Gorgonius
552 596 667 658 hircum,

64 669 165 724 lividus
175 675 201 722 et
207 667 319 723 mordax
328 670 418 725 videor
427 669 494 725 tibi?
512 670 609 726 Montio
619 670 642 723 si
654 686 708 740 quo

64 745 97 799 de
107 742 247 815 Capitolini
256 741 334 797 furtis
344 744 437 813 iniecta
449 744 535 801 Petilli

65 830 89 875 te
98 836 186 875 coram
194 817 282 884 fuerit,
294 816 426 886 defendas,
439 828 469 875 ut
478 828 541 875 tuus
550 828 590 874 eet
599 837 669 875 moe:
841 830 867 873 ts

64 896 124 951 »Me
136 893 300 966 Capitolinus
309 897 456 951 eonviotore
464 913 532 950 usus
540 896 678 966 amicoque

64 990 97 1025 »a
111 986 193 1042 puero
202 976 249 1033 est,
262 986 395 1043 causaque
403 988 461 1027 meo
472 969 603 1042 permulta
613 973 720 1040 rogatus

65 1046 157 1113 »iecit3
179 1051 213 1108 et,
225 1044 375 1113 inoolnmis,
387 1047 475 1111 laetor,
488 1046 561 1118 quod
572 1046 640 1101 vivit
650 1045 678 1096 in
691 1042 772 1098 Urbe:

64 1120 130 1177 need
138 1129 225 1177 temen
234 1118 358 1187 admiror,
370 1140 424 1194 quo
432 1128 507 1195 pacto
517 1120 647 1177 iudicium
657 1116 724 1171 illud

64 1195 209 1271 »ingerit«
246 1196 294 1251 Hie
303 1198 395 1271 nigrae
407 1212 503 1253 suenus
512 1195 638 1270 loliginis,
649 1194 762 1251 haeoest
828 1206 867 1249 tto

64 1289 162 1346 aerugo
172 1286 256 1327 mere:
278 1272 351 1345 quod
361 1273 456 1327 vitium
466 1271 557 1343 procul
567 1270 656 1327 abfore
664 1268 763 1326 chartis

65 1358 144 1421 etque
153 1347 242 1403 unimo
251 1348 335 1419 prius,
348 1356 378 1403 ut
385 1348 409 1403 si
419 1347 467 1421 qui
476 1347 626 1419 promittere
634 1346 667 1400 de
676 1360 720 1399 me

63 1441 175 1496 possum
184 1420 287 1492 aliquid
298 1440 366 1488 vere,
378 1423 510 1495 promitto.
550 1421 672 1476 Liberius
681 1417 705 1474 si

64 1499 156 1555 dixero
165 1498 241 1571 quid,
252 1499 276 1553 ei
286 1497 351 1555 forte
359 1498 482 1561 ioeosius,
494 1496 545 1551 hoo
553 1496 622 1551 mihi
632 1497 699 1551 iuris
714 1532 717 1540 ›

64 1574 314 1631 cumveniadabis.
353 1572 473 1629 insuevit
481 1580 555 1643 pater
563 1572 680 1642 optimus
688 1572 739 1627 hoo
748 1588 799 1636 mo,
830 1581 869 1623 105

65 1657 96 1705 ut
105 1648 233 1722 fugerem,
245 1646 374 1719 exemplis
387 1648 513 1704 vitiorum
523 1664 646 1719 quaeque
655 1646 778 1702 notando.
841 1704 847 1711 ,

65 1725 156 1792 Quum
166 1742 210 1781 me
217 1726 372 1788 hortaretur,
384 1739 469 1793 perce,
481 1720 626 1793 frugaliter,
638 1729 717 1793 etque

64 1801 184 1856 viverem
194 1801 233 1855 uti
244 1806 381 1854 oonteutus
390 1815 429 1863 eo,
442 1797 514 1869 quod
524 1801 563 1849 mt
573 1797 630 1865 ipse
638 1800 766 1865 parasset:

65 1876 178 1930 »Nonne
187 1874 271 1939 vides,
284 1873 345 1929 Atbt
355 1880 385 1929 ut
396 1872 465 1927 mule
476 1872 548 1927 vivat
557 1868 648 1928 fitius?
666 1877 749 1943 utque

65 1952 180 2008 »Barrus
190 1948 284 2021 inope?
302 1964 431 2022 magnum
441 1948 645 2010 documentum,
662 1945 817 2017 nepatrinm
830 1954 870 1997 itt

436 2062 437 2070 η
563 2039 619 2077 rem

65 2100 191 2173 »perdere
201 2102 263 2173 quis
273 2100 365 2157 velit«
403 2097 661 2169 Aturpimeretrioie
671 2112 759 2151 amore

67 2194 153 2249 quum
163 2178 314 2232 deterreret:
337 2174 457 2242 »Soetaui
472 2173 612 2230 dissimilis
621 2173 688 2226 sisu

67 2252 106 2307 Ne
115 2270 238 2325 sequerer
246 2250 376 2317 moechas,
388 2256 512 2321 eonoeseo
521 2266 607 2321 quum
617 2249 716 2304 Venere
725 2244 765 2299 uti

66 2345 185 2399 possem:
206 2327 376 2399 »Deprensin
396 2320 778 2384 ubellaestiamaTrebont‚r

67 2402 160 2457 aiebat.
181 2402 318 2474 »Sapienu
332 2403 359 2459 vi
390 2410 428 2467 tu,
440 2399 561 2473 quidque
569 2398 652 2470 petitu
832 2401 871 2445 115

66 2477 119 2531 »sit
129 2475 234 2542 melius,
247 2495 338 2533 causae
351 2497 364 2532 r
383 2477 444 2532 ddet
453 2476 515 2529 tibi:
537 2478 574 2527 mt
585 2472 648 2527 satis
658 2476 705 2534 eet,
718 2469 741 2522 si

66 2550 211 2605 »traditum
222 2554 255 2607 ab
265 2554 337 2625 antiq
364 2554 385 2607 ‘s
395 2568 496 2606 morem
506 2564 618 2612 servare,
630 2555 766 2616 tuamque,

66 2624 152 2681 ndum
163 2627 278 2683 custodis
288 2644 320 2703 eg
335 2648 362 2705 e,
374 2628 456 2685 vitam
466 2624 619 2694 famamque
627 2619 696 2673 tueri

105 2734 232 2776 nourrius.
332 2731 341 2794 ι’
640 2710 668 2768 Μ
