2067 3067
317 164 388 209 LIB.
408 164 430 209 1.
461 166 544 211 sAT.
564 166 609 212 Π.
790 161 839 212 185

86 277 143 333 quo
152 258 229 333 pueri
238 264 344 337 magnis
353 281 367 318 e
376 266 575 319 centurionibus
583 265 643 330 orti,

87 336 164 393 laevo
176 339 299 409 suspensi
309 337 408 394 loculos
418 340 591 412 tabulamque
600 340 702 407 lacerto,

5 410 7 435 ³
86 412 163 467 ibant
172 414 271 469 octo'nis
279 414 418 469 referentes
427 415 520 470 Idibus
529 433 597 480 aera,
866 434 891 476 75

5 498 6 539 ξ
87 488 135 543 sed
145 506 259 559 puerum
271 497 311 543 est
323 508 405 545 ausus
415 492 526 547 Romam
536 498 639 563 portare
647 490 796 548 dooendum

87 572 165 630 artes,
175 582 244 637 quas
253 565 343 620 doceat
352 566 444 637 quivis
452 574 619 639 equesatque
628 575 731 622 senator
786 574 789 579 '

87 648 171 695 semet
180 648 331 714 prognatos.
353 642 459 698 Vestem
469 659 615 715 servosque
623 652 763 715 sequentes

87 716 117 769 in
127 733 225 789 magno
235 725 265 770 ut
273 715 372 788 populo
382 718 405 772 si
415 718 464 790 qui
474 717 592 783 vidisset,
607 718 678 773 avila

87 808 121 845 ex
131 808 160 845 re
169 792 288 863 praeberi
298 800 421 864 sumptus
432 794 499 847 mihi
509 793 624 847 crederet
635 792 706 848 illos.
868 810 893 850 8⁰

87 866 147 938 Ipse
157 868 224 921 mihi
234 875 322 922 custos
332 868 578 940 ineorruptissimus
586 885 680 923 omnes

87 942 188 996 circum
198 942 314 997 doctores
323 944 421 998 aderat.
451 943 523 1010 Quid
532 942 635 997 multa?
661 944 792 1015 pudicum

88 1016 147 1088 (qui
156 1020 260 1089 primus
270 1019 378 1074 virtutis
387 1018 482 1092 honos)
493 1019 615 1074 servavit
622 1018 657 1073 eb
668 1022 742 1074 omni

89 1110 143 1153 non
153 1093 240 1148 solum
250 1092 325 1159 farto,
337 1112 432 1150 verum
442 1094 585 1167 opprobrio
594 1110 703 1166 quoque
711 1098 797 1168 turpi,

89 1185 138 1223 nec
148 1169 244 1235 affluit,
256 1170 309 1225 sibi
320 1187 353 1225 ne
363 1170 428 1225 vitio
437 1170 499 1243 quis
509 1177 628 1235 verteret,
640 1170 705 1225 olim
868 1185 893 1227 85

89 1244 112 1297 si
122 1262 215 1316 praeeo
224 1262 320 1317 parvas
330 1252 384 1312 aut,
396 1253 427 1301 ut
435 1245 486 1301 fuit
498 1246 564 1319 ipse,
575 1253 677 1301 coactor

88 1320 220 1376 mercedes
234 1338 371 1395 sequetem
396 1339 483 1395 neque
501 1338 551 1396 ego
563 1338 650 1377 essem
668 1331 792 1394 questus3
814 1331 840 1376 at

585 1398 718 1453 hoenuno

90 1471 147 1526 laus
157 1471 198 1526 illi
207 1472 318 1527 debetur
326 1480 375 1527 ete
386 1490 430 1526 me
439 1474 523 1545 gretia
534 1474 628 1527 maior.

88 1546 132 1601 Nil
142 1564 186 1601 me
195 1548 324 1618 poeniteat
332 1564 430 1602 sanum
441 1548 523 1617 patrie
533 1548 629 1614 huius;
650 1565 735 1619 eoque

88 1640 152 1686 non,
163 1630 194 1676 ut
203 1640 301 1695 magna
310 1622 370 1676 dolo
383 1621 481 1677 factum
492 1629 570 1694 negat
577 1638 636 1675 esse
644 1640 693 1676 suo
703 1640 773 1693 pars,
867 1633 893 1675 90

89 1696 163 1769 quod
173 1715 226 1751 non
237 1698 366 1768 ingenuos
377 1696 471 1751 habeat
480 1695 618 1767 clarosque
627 1706 756 1767 parentes,

89 1772 129 1827 sio
139 1788 182 1825 me
192 1770 340 1826 defendam.
379 1770 470 1843 Longe
478 1787 538 1825 mea
546 1770 676 1840 discrepat
686 1772 761 1825 istis.

89 1856 114 1903 et
125 1864 177 1901 vox
187 1853 212 1900 et
222 1847 296 1901 ratio.
335 1847 403 1901 Nam
413 1846 436 1899 si
447 1852 541 1900 natura
551 1844 652 1898 iuberet

90 1943 105 1978 a
115 1923 191 1978 certis
202 1924 279 1978 annis
289 1938 385 1977 aevum
398 1936 513 1976 remeare
522 1926 667 1993 peractum,

91 2008 169 2073 atque
178 1998 243 2055 alios
255 1998 349 2071 legere,
362 1997 396 2052 ad
406 1996 503 2052 fastum
513 2011 698 2070 quesoumque
707 2004 827 2067 parentes
868 2007 893 2050 95

90 2084 188 2147 optaret
198 2076 250 2129 sibi
260 2075 385 2146 quisque,
398 2074 464 2128 meis
474 2080 612 2129 eontentus
622 2072 745 2127 honestos

90 2150 206 2206 fascibus
216 2158 241 2205 et
251 2149 323 2205 sellis
333 2149 431 2205 nollem
441 2150 509 2204 mihi
519 2165 633 2214 sumere,
646 2148 754 2203 demens

91 2227 189 2281 iudicio
208 2226 293 2300 vulgi,
305 2244 387 2281 sanus
397 2224 506 2280 fortasse
515 2233 570 2290 tue,
581 2224 656 2297 quod

5 2296 7 2333 ³
92 2297 187 2357 uellem
202 2320 280 2368 omre,
296 2302 369 2357 haud
384 2318 515 2374 umquam
529 2300 632 2364 solitus,
646 2306 749 2371 portare
758 2298 840 2353 mole-

586 2382 668 2429 stum.

93 2452 159 2505 Nam
174 2452 242 2508 mihi
252 2453 377 2508 continuo
387 2453 471 2507 maior
480 2449 631 2523 quaerenda
640 2448 705 2503 foret
714 2467 764 2515 res,
854 2458 894 2500 100

93 2534 171 2599 atque
179 2527 310 2583 salutandi
320 2528 419 2601 plures..
431 2526 570 2581 dueendus
578 2533 603 2580 et
614 2543 684 2580 unus

92 2611 117 2657 et
125 2620 212 2658 eomes
223 2602 296 2668 alter,
305 2604 344 2658 uti
355 2620 388 2657 ne
397 2601 469 2657 solus
479 2618 560 2656 rusve
572 2617 712 2673 peregreve

93 2678 205 2734 exirem:
225 2677 316 2751 plures
325 2677 429 2733 calones
438 2684 517 2749 atque
527 2675 621 2731 sabelli
