2067 3067
358 96 513 165 mum
758 114 807 168 ⁴³5

95 218 235 273 »iucunda
244 225 328 289 captet
336 219 462 288 praemia.

55 293 146 360 »Quis
158 310 210 346 non
220 292 359 356 malarum,
371 310 438 363 quas
448 310 520 347 amor
530 309 606 346 curas
619 293 705 357 habet,

91 368 181 420 ,ohaeo
191 367 259 420 inter
268 366 450 420 obliviscitur?

56 441 157 508 »Quod
165 441 188 494 si
196 441 292 511 pudica
302 440 397 494 mulier
407 442 434 495 in
444 449 545 511 partem
557 442 629 498 iuvet

9 569 14 577 ,
51 575 55 579 ,
97 516 226 569 »domum
237 523 314 586 atque
324 514 414 569 dulces
424 514 529 580 liberos

7 598 11 609 '
58 590 177 644 »Sabina
188 589 275 661 qualis
285 598 330 644 aut
337 598 444 661 perusta
453 558 555 646 solihirs

96 682 231 735 »pernicis
241 682 308 718 uxor
318 664 430 736 Appulr

59 757 185 793 »sacrum
195 740 305 793 vetustis
314 747 431 793 exstruat
424 739 519 824 lignis
530 739 626 804 locum,

98 813 181 867 »lassi
191 815 242 868 sub
252 814 429 868 adveutum
403 815 468 880 vrri3

60 887 259 959 »claudensque
267 889 344 941 textis
353 887 468 942 cratibus
478 887 528 941 laet
517 894 575 942 tum
584 904 678 959 pecus,

85 962 421 1030 'odistentaslooetuberm

61 1045 105 1092 iet
114 1038 198 1091 horna
207 1037 279 1091 dulci
290 1038 352 1092 vina
361 1053 485 1108 promens
494 1034 573 1101 dolio,

98 1112 197 1182 »dapes
207 1113 317 1166 inemtas
327 1118 444 1183 apparet:

61 1204 134 1241 »non
144 1203 188 1240 me
197 1187 310 1240 Lucrina
320 1187 436 1241 iuverint
444 1185 581 1259 conchylia

98 1262 237 1333 »magisve
246 1261 373 1315 rhombus
384 1269 429 1315 aut
438 1261 515 1326 scari,

62 1336 104 1390 »si
114 1353 181 1407 quos
190 1336 244 1389 eois
257 1336 371 1390 intonata
380 1334 503 1390 fluctibus

12 1442 14 1445 -
99 1411 203 1464 »hiems
213 1410 247 1464 ed
256 1410 306 1464 hoc
315 1418 397 1464 vertat
405 1428 490 1478 mare;

62 1503 135 1540 »non
145 1484 208 1539 Afra
218 1485 275 1538 evis
284 1485 438 1540 descendat
431 1504 459 1538 m
474 1495 590 1541 ventrem
600 1503 698 1550 meum,

99 1577 172 1614 »uon
182 1568 284 1632 attagen
294 1560 392 1624 lomus

63 1634 228 1698 »iucundior¹
241 1651 322 1705 quam
332 1601 396 1688 lecti
404 1633 472 1687 de
446 1617 637 1705 pinguissimis

99 1709 420 1771 »olivaramisarborum

63 1791 127 1838 »aut
135 1783 216 1837 herbe
228 1782 297 1853 lapat
287 1783 325 1835 tbi
335 1790 409 1853 prata
418 1781 539 1844 amantis,
552 1789 576 1832 et
585 1781 658 1851 gravi

99 1857 219 1911 »malvae
228 1857 347 1912 salubres
356 1855 466 1925 corpori,

63 1931 364 2004 »velagnalestiscaosu
374 1927 577 1992 Terminalibus,

100 2006 158 2061 »vol
169 2006 269 2062 hoedus
278 2014 382 2077 ereptus
395 2004 467 2076 lupo.

63 2083 135 2135 ollas
145 2082 212 2136 inter
221 2080 312 2153 epulas
323 2088 352 2134 ut
362 2081 435 2136 iuvat
444 2087 531 2151 pastas
542 2096 603 2134 oves

100 2156 208 2210 »videre
217 2164 382 2228 properantes
392 2155 514 2221 domum3

5 2234 9 2243 '
63 2231 169 2286 »videre
181 2230 262 2285 fessos
272 2247 405 2286 vomerem
414 2230 549 2284 inversum
561 2229 641 2283 boves

100 2305 183 2360 »collo
193 2306 322 2359 trahentes
332 2304 466 2377 languido,

63 2381 231 2452 »positosque
240 2397 343 2444 vernus,
354 2380 416 2435 ditis
425 2385 535 2434 examen
546 2378 649 2442 domus,

99 2456 217 2511 »circum
226 2455 372 2509 renidentes
382 2455 539 2508 Larem-

63 2533 130 2586 llaec
140 2531 186 2584 ubi
198 2530 323 2602 loquutus
333 2528 475 2584 foenerator
484 2527 606 2599 Alphitus‚

101 2607 153 2662 iam
165 2606 219 2661 iam
227 2603 332 2661 iuturus
342 2603 465 2670 rusticus,
