2067 3067
218 98 284 154 251*
309 111 311 116 '
449 99 729 162 nmeronsnuu

218 202 259 257 Tu
268 199 363 255 nidum
373 217 471 265 serves,
483 199 620 274 egeleudo
629 218 700 255 ruris
710 191 813 256 οιοόοοι1

217 276 298 340 rivos,
310 281 334 328 et
343 291 435 330 museo
447 275 594 330 circumlita
603 293 667 330 sexa
679 292 837 362 nemusque.

217 348 289 417 Quid
298 345 423 421 queens?
441 366 503 406 viro
513 357 538 404 et
547 367 637 423 regno
648 349 749 404 simul
740 358 790 404 iste
800 350 908 424 reliqui,

217 440 343 498 quaeres
354 423 388 478 ed
396 422 499 478 eoelum
508 422 582 479 fertis
592 441 697 480 mmere
705 424 829 491 seeundo,

163 511 189 555 ιο
217 507 300 572 utque
309 497 448 552 secerdotes
459 497 486 552 lu
487 499 597 626 pitivus,
609 498 778 554 libereouse.

215 589 364 647 pnneegee,
377 572 429 626 iem
439 515 547 627 melitis
556 573 655 644 potiere
664 571 800 645 placentis
845 608 848 614 «

216 649 311 706 Vivere
320 654 428 702 naturae
437 664 461 700 si
471 648 654 704 eonvenienter
661 654 824 720 oportet

1027 1176 1028 1217 l

216 722 405 808 ponendaeque
415 719 493 776 domo
502 721 653 794 quaerenda
662 729 770 779 esteten
781 721 912 794 primurn,

217 796 445 853 novistineloeum
454 796 754 868 potioremrurebente‘l

163 885 189 928 15
216 873 272 937 Est,
284 871 331 926 uhi
340 871 402 943 plus
411 879 515 943 tepeant
523 872 642 927 hiemes?
660 872 708 932 ubi
717 873 814 945 gratier
824 889 890 928 eura

217 947 331 1003 lenietet
339 946 439 1002 rabiem
449 946 529 1002 Canis
538 954 564 1001 et
573 954 705 1002 momente
713 947 822 1012 Leonis,

218 1039 303 1096 quum
314 1020 395 1078 semel
405 1023 503 1094 aeeepit
511 1021 595 1078 solem
604 1020 767 1076 furibundus
776 1021 903 1076 eentum?

217 1105 265 1164 est,
277 1096 558 1152 ubidivellatsomnos
568 1095 849 1152 minusinvidecure‘l

217 1140 335 1227 Delerius
345 1172 452 1244 Libyeis
461 1170 513 1226 olet
523 1178 569 1226 eut
581 1172 645 1225 nitet
654 1171 734 1226 herbe
745 1168 861 1242 lapillis?

164 1256 189 1300 πο
218 1245 309 1316 purior
319 1245 347 1298 in
358 1245 424 1300 vicis
434 1261 503 1317 equa
514 1244 597 1298 tendit
607 1261 729 1316 rumpere
737 1243 889 1316 plumbum,

218 1334 300 1390 quem
314 1333 383 1389 quae
397 1334 444 1388 per
457 1335 573 1388 pronum
587 1318 699 1391 trepidat
711 1336 774 1374 cum
784 1336 923 1375 murmure
930 1337 969 1373 rr

712 1392 813 1450 vum‘l

217 1466 318 1534 Nempe
328 1463 394 1518 inter
403 1464 490 1519 venies
500 1467 617 1521 nutritur
629 1465 696 1523 silve
706 1467 855 1535 eolumnes3

218 1538 394 1611 laudaturque
402 1537 506 1606 demus,
520 1539 612 1617 longes
622 1559 691 1614 quae
702 1543 828 1616 prespicit
840 1558 927 1615 egres.

218 1616 345 1671 Naturam
354 1613 470 1686 expellas
480 1613 562 1682 iuree
574 1623 661 1673 temen
671 1635 758 1690 usque
766 1625 887 1687 recurret

164 1703 189 1747 25
218 1697 243 1745 et
252 1687 322 1744 mela
331 1697 484 1762 perrumpet
492 1689 584 1745 furtim
594 1690 698 1746 fastidia
708 1693 813 1748 victrix

218 1765 286 1829 Non,
299 1781 348 1836 qui
341 1763 465 1820 Sidonio
474 1765 629 1822 eontendere
637 1766 749 1822 enllidus
758 1775 827 1822 ostro

218 1839 301 1893 nescit
310 1839 469 1912 Aquinatem
478 1841 595 1913 potentie
604 1839 701 1896 vellera
710 1840 811 1905 fueum

218 1914 314 1968 eertius
325 1915 433 1986 aecipiet
442 1915 571 1970 damnum
581 1915 723 1985 propiusve
735 1915 869 1980 medullis,

218 2006 300 2061 quam
310 1989 421 2061 quinon
431 1989 525 2075 peterit
534 2005 597 2045 vero
605 1987 768 2062 distinguere
775 1990 884 2044 falsum.

164 2075 190 2119 3⁰
219 2062 463 2135 Quemresplus
435 2080 520 2118 nimio
528 2061 687 2120 delectavere
696 2064 833 2128 secundae,

218 2146 333 2194 mutatae
342 2138 470 2211 quatient
508 2137 537 2192 Sr
547 2136 614 2209 quid
623 2138 752 2193 mirabere
753 2155 853 2212 ‚penes

218 2214 330 2270 invitus
368 2212 444 2286 Fuge
452 2228 563 2299 pugne:
584 2211 901 2300 lieetsubpenpereteeto

219 2305 293 2362 reges
303 2294 328 2342 et
337 2300 431 2360 regum
440 2287 493 2343 vite
501 2302 669 2359 praecurrere
678 2305 788 2344 amieos

219 2364 319 2420 Cervus
328 2379 428 2433 equum
438 2379 556 2436 pugne
539 2362 631 2418 melior
640 2364 828 2420 communibus
838 2363 929 2419 herbis

165 2449 191 2493 3⁵
220 2436 341 2509 pellebat,
354 2434 444 2502 donee,
456 2455 544 2492 minor
554 2457 583 2492 in
593 2439 733 2494 certamine
746 2439 833 2512 longo,

219 2509 371 2582 imploravit
379 2527 442 2581 opes
450 2511 578 2576 heminis
590 2511 748 2583 frenumque
758 2515 866 2583 reeeprt

219 2583 266 2640 sed
274 2593 416 2660 postquem
426 2584 619 2664 vietorviolens
629 2586 884 2653 diseessitebhoste,
