2067 3067
201 90 252 147 248
434 94 715 144 EPISTOLARUM

203 197 264 250 »eui
274 193 352 261 volet,
364 196 532 269 importunus
542 197 639 252 chum
674 196 775 259 Frater,
784 199 858 265 pater
868 193 962 264 adde3

148 282 174 326 55
202 279 232 326 ut
242 271 338 343 cuique
348 278 474 338 emeatus,
487 273 523 326 ita
532 287 667 344 quemque
678 269 777 326 facetus
789 268 897 340 adepta.

203 345 241 411 Si,
253 347 320 401 bene
330 348 378 419 qui
387 355 485 412 coenat,
496 348 564 402 bene
573 345 653 405 vivit:
675 345 752 410 lueet,
764 362 857 398 eamus

202 438 256 492 quo
266 419 427 496 dueetgula3
446 423 590 494 piseemur,
602 438 739 485 venemur,
754 427 784 475 ut
792 418 857 474 elim

203 495 347 568 Gargilius,
359 497 407 568 qui
417 514 494 552 mane
505 495 607 570 plagas,
619 494 759 560 venabula,
774 511 863 549 servos

204 569 337 626 differtum
347 572 458 628 transire
467 569 555 627 forum
564 569 748 643 populumque
757 570 872 632 iubebat,

149 653 176 696 te
204 661 276 700 unus
286 645 440 702 utemultis
448 646 687 723 populospeetaute
696 643 802 698 referret

203 726 304 775 emtum
314 720 405 776 mulus
414 737 519 792 aprum.
559 719 641 775 Crudi
655 719 805 791 tumidique
819 718 954 786 lavemur,

204 792 272 865 quid
281 794 376 861 donent,
389 795 528 868 quidum,
540 794 623 861 obliti,
636 794 735 850 Caerite
745 811 803 849 nera

204 869 289 941 digni,
301 871 443 944 remigium
454 871 579 928 vitiosum
591 869 842 936 ithacensisUlixei

204 944 248 998 eui
258 944 341 1014 potior
350 944 434 1016 patria
443 943 493 1001 fuit
502 944 639 1000 interdicta
651 943 783 1016 voluptas.
794 951 798 956 '

86 1085 89 1091 Ι
150 1027 176 1071 65
204 1017 242 1083 Si,
254 1017 430 1076 Mimnermus
439 1020 479 1076 uti
488 1027 583 1085 censet,
597 1019 654 1079 siue
664 1037 752 1076 amore
760 1018 876 1092 iocisque

205 1091 244 1147 nil
254 1100 293 1148 est
302 1093 459 1161 iucundum,
472 1095 548 1151 vivas
557 1095 585 1150 in
596 1112 684 1150 amora
693 1094 819 1168 iocisque.
881 1149 884 1153 ,

205 1168 280 1233 Vive,
292 1167 364 1224 vale!
385 1168 413 1223 Si
423 1169 490 1241 quid
500 1170 598 1231 novisti
610 1170 706 1229 rectius
715 1170 782 1234 istis,

205 1240 334 1297 candidus
345 1243 462 1316 imperti;
483 1245 581 1309 sinon,
595 1243 639 1300 his
648 1251 843 1308 uteremeeum.

347 1440 674 1501 EPISTOLA
712 1443 810 1503 Vll.

236 1559 283 1602 sn
314 1559 434 1612 cuiun
464 1561 624 1620 einuiuu
654 1561 921 1616 naucauauuu.

242 1766 295 1804 nuri
305 1767 376 1816 degens
386 1771 406 1808 et
415 1769 551 1816 maecenate
560 1767 690 1819 desideratus,
699 1779 720 1804 se
730 1765 762 1806 illi
772 1773 860 1812 excusat,
870 1774 889 1805 et
897 1774 951 1816 grate

207 1828 349 1868 beneficiorum
359 1831 401 1869 eius
410 1832 513 1871 mentione
519 1831 581 1877 sucu,
591 1837 659 1882 spone
667 1836 733 1879 tamon
743 1830 856 1880 profitetur,
866 1829 948 1869 issierum

208 1892 271 1930 otium
280 1893 319 1932 sibi
328 1899 407 1944 praeter
416 1893 456 1933 alis
465 1893 532 1934 amnis
540 1895 674 1945 expetendum
682 1892 756 1940 videri.
802 1907 806 1914 ’

246 1982 379 2068 Quinque
389 1993 446 2058 dies
454 1995 503 2054 eiu·
512 1992 645 2072 pellicitus
654 2011 698 2058 me
706 2011 767 2059 rure
775 1991 902 2060 futurum,

208 2067 332 2123 Sextilem
342 2076 426 2126 totum
435 2069 551 2132 mendax
560 2069 702 2129 desiderat.
740 2068 823 2142 Atqui
861 2077 866 2083 “
921 2111 924 2114 .

208 2143 232 2196 si
241 2141 285 2200 me
293 2144 383 2204 uivere
392 2144 434 2200 vis
443 2150 566 2224 reeteque
574 2143 664 2208 uidere
672 2143 811 2208 valentem,

209 2234 291 2289 quam
302 2217 370 2273 mihi
380 2217 524 2293 dasaegm,
538 2215 615 2276 dabis
625 2227 758 2292 aegrotare
765 2219 876 2284 timenti,

154 2301 166 2346 5
208 2292 351 2359 Maecenas,
363 2294 478 2360 veniam,
491 2293 557 2349 dum
567 2292 633 2348 finus
642 2293 729 2364 prima
740 2293 863 2367 calorque

208 2364 400 2440 designatorem
409 2367 512 2430 denerat
522 2366 658 2423 lictoribus
667 2369 740 2434 atris,

208 2439 274 2506 dum
285 2443 469 2511 puerisamnis
478 2450 551 2516 pater
560 2450 585 2498 et
594 2441 735 2503 matercula
744 2441 833 2514 pallet,

208 2511 377 2586 officiosaque
385 2515 511 2574 sedulitas
521 2523 546 2571 et
557 2515 641 2588 opella
650 2515 761 2571 forensis

209 2585 605 3012 ⁸&st
615 2590 740 2664 resignat.
