2067 3067
193 126 244 181 268
426 127 707 175 Erlsuobauunt
1017 138 1019 183 t

194 229 346 303 ambigitur
365 227 434 301 quid
451 227 543 284 anima
565 227 749 294 emerserat,
771 245 806 283 aa
820 200 945 288 notiones

318 335 322 350 ·
708 302 764 358 lus·
804 328 814 334 ·

140 389 166 433 2⁰
194 377 370 435 Brundisium
378 376 587 434 Minuolmeb‘us
595 321 862 450 viadutlatalrbppl.

193 453 279 520 Quem
289 453 416 510 damnosa
425 453 526 520 Venus,
537 469 619 525 φιοω
628 470 751 525 praeeops
760 452 817 509 alea
829 454 922 519 nudat,

193 527 276 603 gloria
286 545 368 601 quem
378 545 459 600 supra
469 528 539 583 vires
548 535 574 582 et
583 528 661 582 vesfit
669 535 695 582 et
706 529 793 601 ungit,

194 619 275 675 quem
284 610 354 659 tenet
363 601 464 676 argenti
473 602 533 657 aitis
541 602 692 674 importune
702 602 847 675 famesque,

194 695 275 751 quem
284 678 445 751 paupertatis
452 676 540 749 pudor
548 683 574 730 et
582 675 659 752 iuga:
673 677 749 733 dives
761 679 872 744 amicus,

140 763 166 809 25
193 753 370 825 saepedeoem
379 753 452 808 vitiis
462 752 623 819 instruotior,
634 751 831 808 oditetborret:

195 836 249 892 aut,
261 828 286 883 si
295 846 348 886 non
358 827 421 894 odit,
432 828 508 901 regit,
521 843 553 883 ao
561 826 643 883 veluti
652 827 696 899 pia
704 835 797 893 mater,

194 902 862 976 plusquamsesapereetvirtutibusessepriorem

46 1027 66 1036 „
154 977 157 984 ’
194 977 261 1044 vult,
273 986 299 1033 et
308 978 343 1034 ait
352 995 433 1050 prope
441 996 520 1035 vera:
540 978 631 1034 slleae
639 975 807 1051 (contendere
815 975 900 1051 nolil)

193 1052 351 1109 »stultitiam
360 1054 497 1126 patiuntur
505 1069 582 1125 opes,
603 1051 653 1108 tibi
661 1052 772 1126 parvula
785 1069 826 1108 res
836 1062 889 1122 eat;

139 1139 165 1183 to
194 1128 454 1184 »aradeoetsanum
462 1129 668 1202 eomitemtoga3
688 1127 893 1183 desinameoum

193 1210 336 1257 »eantare«
373 1201 541 1274 Eutrapelus,
555 1202 716 1275 cuicumque
728 1202 940 1271 nooerevolebat,

193 1277 348 1333 vestimenta
358 1275 572 1348 dabetpretiosa:
590 1276 764 1333 beatusenim
774 1279 835 1344 iam,

193 1368 255 1408 aum
267 1351 387 1424 pulchris
396 1351 494 1406 tunieis
503 1357 591 1406 sumet
599 1368 668 1408 nova
678 1353 788 1408 oonsilia
795 1362 821 1408 et
829 1371 900 1426 spes,

193 1425 305 1484 dormiet
313 1426 342 1482 in
353 1424 447 1492 luoem,
458 1432 544 1481 soorto
552 1433 690 1498 postponet
699 1428 840 1484 honestum

138 1514 164 1558 et
192 1501 320 1568 offitium,
333 1517 458 1556 nummos
467 1501 566 1558 alienos
575 1512 672 1574 peaoet,
683 1533 722 1544 -
730 1503 764 1558 ad
774 1504 861 1558 imum

194 1577 849 1652 Thraxeritautolitorisagetmeroedecaballnm.

192 1652 327 1708 Arcanum
337 1653 630 1725 nequetusorutaberia
640 1652 713 1708 illius
722 1671 862 1728 umquam,

192 1728 793 1802 oommissumquetegesetvinotortusetira.

193 1803 247 1856 Neo
258 1810 302 1857 tua
313 1803 434 1860 laudabis
444 1804 533 1860 studia
540 1812 587 1859 aut
595 1803 680 1860 aliena
689 1804 838 1876 reprendes,
853 1861 856 1866 ,

138 1883 164 1929 lo
193 1893 249 1942 neo,
262 1896 347 1949 quum
358 1879 448 1934 venari
459 1878 529 1935 volet
537 1879 590 1945 ille,
601 1887 721 1950 poemata
729 1897 839 1954 pangas.

192 1951 281 2006 Gratia
291 1953 329 2006 sio
339 1952 449 2008 fratrum
459 1954 637 2028 geminorum,
648 1953 807 2026 Amphionis
816 1963 896 2028 atque

191 2027 273 2091 Zethi,
286 2026 411 2093 dissiluit,
423 2027 633 2101 doneosuspeeta
644 2047 736 2086 severo

191 2101 392 2176 oontiouitlyra.
431 2103 565 2158 Fraternis
574 2104 684 2160 cessisse
692 2112 799 2177 putatur

191 2176 310 2231 moribus
319 2176 467 2248 Amphion:
488 2177 798 2251 tueedepotentisamiei

136 2257 162 2306 tt
192 2251 297 2306 lenibus
307 2252 434 2324 imperiis,
446 2254 603 2326 quotiesque
611 2254 703 2310 eduoet
712 2256 739 2310 in
750 2273 828 2330 agros

190 2325 287 2381 Aetolis
297 2334 402 2382 onerata
411 2325 497 2401 plagis
510 2329 627 2384 iumenta
635 2347 775 2403 canesque,

190 2417 270 2472 surge
282 2408 307 2454 et
316 2401 478 2458 inhumanae
486 2403 593 2460 senium
602 2405 703 2477 depone
711 2406 850 2471 Camenae,

190 2489 282 2528 eoenes
290 2482 321 2550 ut
329 2477 426 2546 pariter
434 2476 572 2548 pulmenta
582 2477 717 2533 laboribus
725 2489 803 2547 emta,

191 2547 318 2601 Romanis
327 2548 444 2605 solemne
453 2551 519 2605 viris
528 2568 605 2621 opus,
614 2551 683 2606 ‚utile
691 2552 776 2609 lamae

135 2627 162 2669 to
191 2619 313 2708 vitaeque
322 2629 347 2676 et
356 2625 492 2690 membris,
501 2625 655 2696 praesertim
666 2643 752 2698 quum
763 2627 851 2685 valeas
859 2638 886 2685 et
