2067 3067
214 140 264 194 248
463 138 703 187 sATYnnnuu

215 242 296 305 finiet,
309 247 367 295 ante
376 258 484 314 gravem
497 258 566 313 quae
580 240 670 313 legerit
683 239 774 293 arbore
783 238 874 294 solem.

215 316 338 377 Aufidius
348 315 407 370 forti
417 316 544 370 miscebat
556 315 632 369 mella
645 313 764 378 Falerno,

161 403 186 446 25
215 391 347 457 mendose,
359 392 485 463 quoniam
495 390 587 445 vacuis
598 390 759 445 committere
769 389 842 443 venis

215 465 252 521 nil
264 467 315 520 nisi
327 466 383 521 lene
393 466 478 521 dccet:
501 465 553 520 leni
563 464 712 537 praecordia
722 463 809 517 mulso

214 540 343 613 prolueris
353 540 458 595 melius.
497 540 526 595 Si
535 540 602 594 dura
612 539 756 594 morabitur
766 538 851 604 alvuS,

215 615 326 672 mitulus
339 624 365 670 et
373 615 439 672 vites
447 613 545 686 pellent
554 615 681 670 obstantia
692 614 805 669 conchae

215 698 241 745 et
250 690 347 761 lapathi
357 690 446 745 brevis
458 690 548 754 herba,
560 690 607 745 sed
617 689 676 743 albo
687 707 739 744 non
749 690 806 742 sine
816 689 867 744 Coo

162 775 187 818 30
216 766 328 821 Lubrica
338 772 471 820 nascentes
482 765 593 837 implent
600 764 737 837 conchylia
747 763 837 831 lunae,

215 840 262 895 sed
272 858 324 895 non
334 858 411 895 omne
421 858 492 895 mare
502 849 541 895 est
549 857 688 914 generosae
697 838 780 893 fertile
792 847 880 893 tostae.

216 916 315 972 Murice
323 916 419 971 Baiano
430 915 521 970 melior
533 915 645 971 Lucrina
658 913 763 987 peloris,

215 999 297 1045 ostrea
307 990 423 1057 Circeiis,
435 992 535 1047 Miseno
544 992 665 1047 criuntur
674 988 773 1057 ecbini;

174 1116 177 1127 ,
215 1066 363 1137 pectinibus
373 1065 469 1137 patulis
480 1066 556 1120 iactat
568 1083 596 1120 se
608 1064 686 1120 molle
698 1065 849 1118 Tarentum.

163 1150 188 1193 35
216 1142 270 1195 Ncc
278 1140 328 1194 sibi
338 1158 476 1195 coenarum
487 1142 578 1213 quivis
587 1148 681 1195 temere
691 1146 792 1212 arroget
802 1145 891 1201 artem,

216 1232 269 1270 non
279 1215 354 1285 prius
363 1223 451 1269 exacta
460 1215 532 1269 tenui
543 1216 641 1269 ratione
650 1232 783 1286 saporum.

217 1290 270 1343 Ncc
279 1289 342 1343 satis
350 1296 389 1343 est
398 1306 456 1343 cara
465 1289 549 1360 pisces
560 1306 677 1345 averrere
685 1307 777 1343 mensa

217 1365 349 1437 ignarum,
362 1364 461 1435 quibus
471 1371 510 1417 est
519 1364 562 1418 ius
571 1364 667 1435 aptius,
678 1372 704 1418 et
712 1364 812 1435 quibus
824 1362 889 1415 assis

217 1436 359 1511 languidus
369 1439 397 1493 in
406 1438 526 1493 cubitum
537 1439 589 1494 iam
599 1456 627 1494 sc
638 1440 748 1493 conviva
758 1444 871 1509 reponet.

163 1520 189 1567 to
220 1512 316 1568 Umber
324 1520 350 1567 et
359 1512 441 1588 iligna
450 1514 566 1569 nutritus
574 1513 671 1589 glande
680 1513 805 1568 rotundas

217 1595 307 1643 curvet
316 1605 377 1660 aper
387 1588 474 1645 lances
482 1607 587 1645 carnem
598 1590 705 1645 vitantis
718 1589 840 1644 inertem:

221 1681 283 1717 nam
293 1664 410 1720 Laurens
419 1664 506 1720 malus
515 1673 563 1731 est,
574 1664 646 1721 ulvis
658 1671 683 1719 et
696 1663 825 1719 arundine
838 1660 952 1733 pinguis.

217 1738 298 1793 Vinea
309 1738 440 1795 submittit
449 1757 554 1813 capreas
564 1758 617 1796 non
630 1757 733 1811 semper
741 1737 841 1792 edules.

217 1812 454 1887 Fecundaeleporis
464 1817 569 1888 sapiens
579 1815 718 1870 sectabitur
728 1830 824 1867 armos

164 1893 190 1940 u
219 1887 338 1943 Piscibus
348 1898 427 1963 atquc
439 1891 534 1947 avibus
553 1908 620 1961 quae
630 1897 722 1945 natura
732 1895 757 1942 et
766 1887 829 1941 foret
841 1893 917 1948 aetas,

217 1970 278 2017 ante
286 1981 376 2018 meum
386 1964 454 2020 nulli
464 1966 548 2036 patuit
557 1966 674 2035 quaesita
684 1963 810 2034 palatum.

217 2036 293 2103 Sunt,
304 2055 418 2111 quorum
432 2039 570 2112 ingenium
584 2056 652 2094 nova
661 2046 763 2093 tanturn
775 2034 889 2090 crustula
898 2052 955 2105 pro

708 2112 767 2166 mit.

217 2188 391 2258 Nequaquam
401 2186 463 2241 satis
474 2188 502 2240 in
512 2203 540 2241 re
549 2204 603 2241 una
614 2204 769 2242 consumere
778 2202 882 2250 curam,

217 2269 248 2315 ut
259 2261 283 2315 si
292 2260 354 2333 quis
363 2260 449 2315 solum
460 2260 517 2327 hoc,
530 2261 599 2315 mala
609 2279 642 2316 ne
651 2262 704 2315 sint
715 2262 786 2326 vina,
803 2259 907 2322 laboret,

163 2346 188 2391 to
216 2334 290 2409 quali
299 2334 439 2406 perfundat
447 2335 532 2407 pisces
542 2352 649 2390 securus
658 2336 738 2391 clivo.

217 2409 328 2465 Massica
336 2410 359 2464 si
368 2410 439 2465 coelo
448 2428 580 2482 suppones
591 2410 652 2465 vina
662 2427 763 2475 sereno,

217 2490 352 2549 nocturna,
363 2483 462 2555 siquid
472 2485 608 2548 crassiest,
623 2484 772 2539 tenuabitur
781 2500 853 2546 aura,

218 2564 243 2609 et
251 2556 355 2612 decedet
363 2558 427 2613 odor
435 2559 524 2613 nervis
533 2558 671 2626 inimicus;
691 2565 717 2610 at
729 2556 775 2610 illa

218 2629 349 2701 integrum
359 2631 472 2703 perdunt
481 2631 536 2687 lino
545 2632 634 2687 vitiata
642 2648 770 2703 saporem.
