2067 3067
307 141 379 191 ΠΒ.
398 140 431 190 Ῑ.“
452 145 535 194 SAT.
555 148 590 194 X.
771 144 819 197 193
853 96 864 111 ⁸

3 252 5 295 i
70 238 195 314 »relligio
211 247 279 296 est«
316 244 394 299 {adt
411 250 463 300 ml:
491 264 552 301 sum
569 244 660 317 paullo
677 247 817 316 infirmior,

565 338 637 375 unus

3 418 5 473 ξ
71 388 250 445 »multorumz
275 392 407 464 ignosces;
429 393 626 466 aliaslequar.«
659 396 819 453 {Hunccine

3 1970 9 2335 l

3 2472 5 2482 '
75 2472 128 2526 Nec
145 2478 231 2527 tamen
250 2474 300 2527 hoc
316 2472 449 2543 tribuens,
470 2470 585 2525 dederim
601 2485 709 2553 quoquc
719 2474 815 2538 cetera,
860 2552 873 2595 5

568 2561 629 2598 nam
642 2560 681 2597 sro
828 2556 831 2558 ’

3 2662 4 2679 ,
76 2625 102 2674 et
110 2618 203 2674 Laberi
214 2622 322 2687 mimos,
331 2628 361 2675 ut
370 2618 480 2691 pulchra
489 2626 616 2689 poemata,
628 2618 717 2674 mirer.

112 2728 238 2767 uumerus.
642 2709 668 2766 Ν

566 468 648 523 selem

73 547 128 593 tam
139 540 247 611 nigrum
257 558 366 595 surrexe
375 541 461 596 mihi?
489 543 569 615 Fugit
578 544 724 614 improbus,
736 561 766 599 ac
775 563 818 600 me

72 614 126 668 sub
134 613 217 668 cultro
226 613 333 685 linquit.
373 616 442 670 Casu
451 617 628 673 venitohvius
638 617 678 671 illi

72 688 248 753 adversarius,
260 695 285 757 et
297 689 369 755 »Quo
378 698 416 755 tu,
428 690 615 760 turpissime‘lr
633 710 729 765 magna
846 704 870 747 75

73 762 196 817 inclamat
207 780 282 817 voce:
303 765 591 819 etaLicetantestarilu
609 768 738 838 Egovero

72 855 176 909 oppono
186 837 344 892 auriculam:
366 840 433 910 rapit
442 840 470 892 in
483 840 525 893 ius
535 859 541 907 3
562 839 805 911 clamatumque,

73 911 193 984 undique
202 929 355 967 concursus.
393 913 437 967 Sic
445 930 488 966 me
496 914 612 970 servavit
623 913 727 986 Apollo.

276 1109 525 1168 SATYRA
570 1112 613 1167 X.

72 1346 152 1381 Turtur
160 1357 217 1381 auum
227 1345 251 1382 de
259 1345 340 1384 Lucilio
348 1348 397 1395 (Sat.
408 1347 452 1394 lv.)
463 1348 570 1392 iudicium,
580 1354 600 1385 et
609 1348 633 1384 dc
642 1346 713 1397 satyria
723 1347 816 1385 scriben-

349 1409 379 1445 dis
388 1418 493 1459 praecepta
502 1412 542 1449 dat.
555 1456 563 1468 x

112 1504 224 1585 [Lucili
236 1528 318 1583 quam
328 1514 365 1565 sis
374 1514 527 1577 mendosus,
540 1519 602 1566 taeta
611 1513 716 1578 Catone,

73 1585 206 1641 defensore
216 1594 269 1649 tua,
282 1587 442 1655 pervincum,
455 1588 503 1657 qui
512 1586 581 1639 male
590 1586 670 1641 laetos

73 1660 211 1714 emendare
222 1666 296 1729 parat
304 1676 411 1725 versus,
435 1657 643 1722 hccleniusille‚

73 1740 112 1787 est
122 1749 175 1803 quo
185 1734 227 1787 vir
236 1732 336 1795 melior,
348 1731 426 1803 longe
436 1732 558 1785 subtilior
566 1730 621 1793 illo,

73 1808 121 1878 qui
131 1804 246 1859 multum
255 1823 322 1876 puer
331 1812 356 1858 et
366 1803 428 1858 loris
438 1812 463 1857 et
471 1803 583 1858 funibus
592 1803 652 1855 udis
855 1816 868 1859 5

73 1880 233 1944 exhortatus,
244 1886 274 1934 ut
282 1886 357 1942 esset,
369 1894 445 1949 opem
456 1878 503 1949 qui
512 1875 579 1930 ferre
587 1876 670 1946 poetis

74 1954 189 2024 antiquis
202 1960 289 2023 posset
297 1960 385 2007 contra
395 1951 498 2007 fastidia
507 1958 603 2014 nostra,

73 2028 302 2101 grammaticorum
317 2028 438 2099 equitum
451 2026 653 2173 doctissimum]
671 2025 704 2079 Ut
712 2024 817 2080 redeam

564 2101 574 2154 i
585 2100 641 2154 luc:

74 2177 174 2247 Nempe
183 2176 355 2247 incomposito
365 2175 421 2229 dixi
432 2174 611 2246 pedecurrere
620 2190 713 2228 versus

73 2251 170 2304 Lucili.
208 2250 273 2316 Quis
285 2258 339 2304 tam
349 2250 434 2305 Lucili
443 2248 528 2303 fautor
537 2250 623 2317 inepte
633 2255 680 2309 est,

75 2332 166 2379 utnon
175 2324 225 2378 hcc
238 2324 364 2379 fateatur?
401 2322 434 2378 At
444 2324 522 2387 idem,
534 2322 607 2393 quod
616 2320 671 2375 sale
679 2317 763 2373 multo

75 2398 167 2451 urbem
176 2397 304 2463 defricuit,
317 2398 405 2452 charta
416 2396 537 2451 laudatur
546 2396 646 2449 eedem.
