<?xml version="1.0" encoding="UTF-8"?>
<!DOCTYPE html PUBLIC "-//W3C//DTD XHTML 1.0 Transitional//EN"
    "http://www.w3.org/TR/xhtml1/DTD/xhtml1-transitional.dtd">
<html xmlns="http://www.w3.org/1999/xhtml" xml:lang="en" lang="en">
 <head>
  <title>
</title>
<meta http-equiv="Content-Type" content="text/html;charset=utf-8" />
  <meta name='ocr-system' content='tesseract 3.04.00' />
  <meta name='ocr-capabilities' content='ocr_page ocr_carea ocr_par ocr_line ocrx_word'/>
</head>
<body>
  <div class='ocr_page' id='page_1' title='image "./qhoratiiflaccio01weisgoog_0069.png"; bbox 0 0 2067 3067; ppageno 0'>
   <div class='ocr_carea' id='block_1_1' title="bbox 218 144 691 197">
    <p class='ocr_par' dir='ltr' id='par_1_1' title="bbox 218 144 691 197">
     <span class='ocr_line' id='line_1_1' title="bbox 218 144 691 197; baseline -0.004 0"><span class='ocrx_word' id='word_1_1' title='bbox 218 144 251 197; x_wconf 77' lang='lat'>56</span> <span class='ocrx_word' id='word_1_2' title='bbox 490 147 691 195; x_wconf 65' lang='grc' dir='ltr'>ΟΜΝΗ</span> 
     </span>
    </p>
   </div>
   <div class='ocr_carea' id='block_1_2' title="bbox 251 247 747 545">
    <p class='ocr_par' dir='ltr' id='par_1_2' title="bbox 251 247 747 545">
     <span class='ocr_line' id='line_1_2' title="bbox 256 247 705 321; baseline -0.002 -18"><span class='ocrx_word' id='word_1_3' title='bbox 256 248 333 304; x_wconf 88' lang='lat' dir='ltr'>miles</span> <span class='ocrx_word' id='word_1_4' title='bbox 342 248 450 321; x_wconf 81' lang='lat' dir='ltr'>sagittas</span> <span class='ocrx_word' id='word_1_5' title='bbox 459 255 484 301; x_wconf 84' lang='lat' dir='ltr'>et</span> <span class='ocrx_word' id='word_1_6' title='bbox 493 247 604 305; x_wconf 84' lang='lat' dir='ltr'>celerem</span> <span class='ocrx_word' id='word_1_7' title='bbox 612 248 705 319; x_wconf 81' lang='lat' dir='ltr'>lugam</span> 
     </span>
     <span class='ocr_line' id='line_1_3' title="bbox 251 321 747 390; baseline 0 -13"><span class='ocrx_word' id='word_1_8' title='bbox 251 322 358 390; x_wconf 85' lang='lat' dir='ltr'>Parthi;</span> <span class='ocrx_word' id='word_1_9' title='bbox 379 330 482 377; x_wconf 83' lang='lat' dir='ltr'>catenas</span> <span class='ocrx_word' id='word_1_10' title='bbox 493 323 605 377; x_wconf 86' lang='lat' dir='ltr'>Parthus</span> <span class='ocrx_word' id='word_1_11' title='bbox 618 330 644 375; x_wconf 88' lang='lat' dir='ltr'>et</span> <span class='ocrx_word' id='word_1_12' title='bbox 651 321 747 377; x_wconf 75' lang='lat' dir='ltr'>Italum</span> 
     </span>
     <span class='ocr_line' id='line_1_4' title="bbox 293 396 662 469; baseline -0.008 -18"><span class='ocrx_word' id='word_1_13' title='bbox 293 398 387 451; x_wconf 87' lang='lat' dir='ltr'>robur:</span> <span class='ocrx_word' id='word_1_14' title='bbox 408 398 454 451; x_wconf 86' lang='lat' dir='ltr'>sed</span> <span class='ocrx_word' id='word_1_15' title='bbox 464 398 608 469; x_wconf 81' lang='lat' dir='ltr'>improvisa</span> <span class='ocrx_word' id='word_1_16' title='bbox 618 396 662 456; x_wconf 84' lang='lat' dir='ltr'>leti</span> 
     </span>
     <span class='ocr_line' id='line_1_5' title="bbox 331 472 726 545; baseline -0.005 -18"><span class='ocrx_word' id='word_1_17' title='bbox 331 472 374 527; x_wconf 86' lang='lat' dir='ltr'>vis</span> <span class='ocrx_word' id='word_1_18' title='bbox 384 473 471 543; x_wconf 83' lang='lat' dir='ltr'>rapuit</span> <span class='ocrx_word' id='word_1_19' title='bbox 481 473 617 545; x_wconf 77' lang='lat' dir='ltr'>rapietque</span> <span class='ocrx_word' id='word_1_20' title='bbox 626 478 726 544; x_wconf 75' lang='lat' dir='ltr'>gentes.</span> 
     </span>
    </p>
   </div>
   <div class='ocr_carea' id='block_1_3' title="bbox 256 578 849 877">
    <p class='ocr_par' dir='ltr' id='par_1_3' title="bbox 256 578 849 877">
     <span class='ocr_line' id='line_1_6' title="bbox 256 578 849 653; baseline 0.002 -18"><span class='ocrx_word' id='word_1_21' title='bbox 256 581 342 648; x_wconf 83' lang='lat' dir='ltr'>Quam</span> <span class='ocrx_word' id='word_1_22' title='bbox 352 597 434 651; x_wconf 87' lang='lat' dir='ltr'>paene</span> <span class='ocrx_word' id='word_1_23' title='bbox 443 578 537 639; x_wconf 83' lang='lat' dir='ltr'>lurvne</span> <span class='ocrx_word' id='word_1_24' title='bbox 545 595 627 653; x_wconf 72' lang='lat' dir='ltr'>regne</span> <span class='ocrx_word' id='word_1_25' title='bbox 637 582 807 652; x_wconf 75' lang='lat' dir='ltr'>Proserpinae</span> <span class='ocrx_word' id='word_1_26' title='bbox 845 592 849 597; x_wconf 82' lang='lat'><em>&#39;</em></span> 
     </span>
     <span class='ocr_line' id='line_1_7' title="bbox 256 653 714 720; baseline -0.002 -10"><span class='ocrx_word' id='word_1_27' title='bbox 256 665 281 710; x_wconf 88' lang='lat' dir='ltr'>et</span> <span class='ocrx_word' id='word_1_28' title='bbox 291 655 450 710; x_wconf 86' lang='lat' dir='ltr'>iudicantem</span> <span class='ocrx_word' id='word_1_29' title='bbox 457 653 579 713; x_wconf 20' lang='lat' dir='ltr'>*vidimus</span> <span class='ocrx_word' id='word_1_30' title='bbox 588 654 714 720; x_wconf 75' lang='lat' dir='ltr'>Aeacum,</span> 
     </span>
     <span class='ocr_line' id='line_1_8' title="bbox 294 730 715 802; baseline 0 -19"><span class='ocrx_word' id='word_1_31' title='bbox 294 730 421 801; x_wconf 87' lang='lat' dir='ltr'>sedesque</span> <span class='ocrx_word' id='word_1_32' title='bbox 430 730 554 784; x_wconf 85' lang='lat' dir='ltr'>discretas</span> <span class='ocrx_word' id='word_1_33' title='bbox 563 730 679 802; x_wconf 85' lang='lat' dir='ltr'>piorum,</span> <span class='ocrx_word' id='word_1_34' title='bbox 690 739 715 785; x_wconf 89' lang='lat' dir='ltr'>et</span> 
     </span>
     <span class='ocr_line' id='line_1_9' title="bbox 332 804 706 877; baseline 0 -18"><span class='ocrx_word' id='word_1_35' title='bbox 332 804 429 859; x_wconf 80' lang='lat' dir='ltr'>Aeoliis</span> <span class='ocrx_word' id='word_1_36' title='bbox 441 804 541 860; x_wconf 90' lang='lat' dir='ltr'>fidibus</span> <span class='ocrx_word' id='word_1_37' title='bbox 553 813 706 877; x_wconf 75' lang='lat' dir='ltr'>querentem</span> 
     </span>
    </p>
   </div>
   <div class='ocr_carea' id='block_1_4' title="bbox 256 910 755 1210">
    <p class='ocr_par' dir='ltr' id='par_1_4' title="bbox 256 910 755 1210">
     <span class='ocr_line' id='line_1_10' title="bbox 256 910 707 986; baseline 0.002 -19"><span class='ocrx_word' id='word_1_38' title='bbox 256 913 362 983; x_wconf 85' lang='lat' dir='ltr'>Sappho</span> <span class='ocrx_word' id='word_1_39' title='bbox 371 910 468 985; x_wconf 86' lang='lat' dir='ltr'>puellis</span> <span class='ocrx_word' id='word_1_40' title='bbox 478 914 510 967; x_wconf 85' lang='lat' dir='ltr'>de</span> <span class='ocrx_word' id='word_1_41' title='bbox 520 914 707 986; x_wconf 76' lang='lat' dir='ltr'>popularibus3</span> 
     </span>
     <span class='ocr_line' id='line_1_11' title="bbox 257 988 731 1060; baseline 0.004 -20"><span class='ocrx_word' id='word_1_42' title='bbox 257 996 282 1041; x_wconf 90' lang='lat' dir='ltr'>et</span> <span class='ocrx_word' id='word_1_43' title='bbox 291 997 315 1041; x_wconf 89' lang='lat' dir='ltr'>te</span> <span class='ocrx_word' id='word_1_44' title='bbox 325 995 459 1042; x_wconf 81' lang='lat' dir='ltr'>sonantem</span> <span class='ocrx_word' id='word_1_45' title='bbox 470 988 576 1060; x_wconf 89' lang='lat' dir='ltr'>plenius</span> <span class='ocrx_word' id='word_1_46' title='bbox 586 1005 673 1052; x_wconf 83' lang='lat' dir='ltr'>aureo,</span> <span class='ocrx_word' id='word_1_47' title='bbox 727 1023 731 1029; x_wconf 52' lang='grc' dir='ltr'><em>ι</em></span> 
     </span>
     <span class='ocr_line' id='line_1_12' title="bbox 294 1062 755 1134; baseline 0.002 -18"><span class='ocrx_word' id='word_1_48' title='bbox 294 1062 395 1127; x_wconf 82' lang='lat' dir='ltr'>Alcaee,</span> <span class='ocrx_word' id='word_1_49' title='bbox 407 1063 504 1134; x_wconf 84' lang='lat' dir='ltr'>plectro</span> <span class='ocrx_word' id='word_1_50' title='bbox 514 1064 581 1118; x_wconf 86' lang='lat' dir='ltr'>dure</span> <span class='ocrx_word' id='word_1_51' title='bbox 591 1064 677 1127; x_wconf 81' lang='lat' dir='ltr'>nevis,</span> <span class='ocrx_word' id='word_1_52' title='bbox 752 1112 755 1117; x_wconf 89' lang='lat'><em>.</em></span> 
     </span>
     <span class='ocr_line' id='line_1_13' title="bbox 331 1135 732 1210; baseline 0 -20"><span class='ocrx_word' id='word_1_53' title='bbox 331 1137 397 1192; x_wconf 83' lang='lat' dir='ltr'>dura</span> <span class='ocrx_word' id='word_1_54' title='bbox 407 1136 484 1210; x_wconf 80' lang='lat' dir='ltr'>fugae</span> <span class='ocrx_word' id='word_1_55' title='bbox 493 1138 571 1203; x_wconf 84' lang='lat' dir='ltr'>mela,</span> <span class='ocrx_word' id='word_1_56' title='bbox 583 1137 651 1193; x_wconf 85' lang='lat' dir='ltr'>dura</span> <span class='ocrx_word' id='word_1_57' title='bbox 659 1135 732 1191; x_wconf 90' lang='lat' dir='ltr'>belli.</span> 
     </span>
    </p>
   </div>
   <div class='ocr_carea' id='block_1_5' title="bbox 258 1245 842 1543">
    <p class='ocr_par' dir='ltr' id='par_1_5' title="bbox 258 1245 842 1543">
     <span class='ocr_line' id='line_1_14' title="bbox 258 1245 692 1318; baseline -0.002 -17"><span class='ocrx_word' id='word_1_58' title='bbox 258 1248 405 1318; x_wconf 85' lang='lat' dir='ltr'>Utrumque</span> <span class='ocrx_word' id='word_1_59' title='bbox 415 1263 487 1315; x_wconf 67' lang='lat' dir='ltr'>spero</span> <span class='ocrx_word' id='word_1_60' title='bbox 497 1246 578 1318; x_wconf 80' lang='lat' dir='ltr'>dignu</span> <span class='ocrx_word' id='word_1_61' title='bbox 588 1245 692 1302; x_wconf 87' lang='lat' dir='ltr'>silentio</span> 
     </span>
     <span class='ocr_line' id='line_1_15' title="bbox 258 1320 780 1394; baseline -0.006 -16"><span class='ocrx_word' id='word_1_62' title='bbox 258 1323 388 1378; x_wconf 81' lang='lat' dir='ltr'>mirantur</span> <span class='ocrx_word' id='word_1_63' title='bbox 398 1322 508 1377; x_wconf 82' lang='lat' dir='ltr'>umbrae</span> <span class='ocrx_word' id='word_1_64' title='bbox 516 1321 615 1388; x_wconf 88' lang='lat' dir='ltr'>dieere;</span> <span class='ocrx_word' id='word_1_65' title='bbox 635 1320 682 1375; x_wconf 89' lang='lat' dir='ltr'>sed</span> <span class='ocrx_word' id='word_1_66' title='bbox 695 1321 780 1394; x_wconf 82' lang='lat' dir='ltr'>magis</span> 
     </span>
     <span class='ocr_line' id='line_1_16' title="bbox 294 1403 682 1469; baseline -0.005 -18"><span class='ocrx_word' id='word_1_67' title='bbox 294 1413 399 1469; x_wconf 77' lang='lat' dir='ltr'>pugnes</span> <span class='ocrx_word' id='word_1_68' title='bbox 409 1404 434 1450; x_wconf 87' lang='lat' dir='ltr'>et</span> <span class='ocrx_word' id='word_1_69' title='bbox 442 1403 546 1451; x_wconf 83' lang='lat' dir='ltr'>exectos</span> <span class='ocrx_word' id='word_1_70' title='bbox 556 1403 682 1469; x_wconf 78' lang='lat' dir='ltr'>tyrannos</span> 
     </span>
     <span class='ocr_line' id='line_1_17' title="bbox 332 1467 842 1543; baseline 0 -18"><span class='ocrx_word' id='word_1_71' title='bbox 332 1472 446 1526; x_wconf 90' lang='lat' dir='ltr'>densum</span> <span class='ocrx_word' id='word_1_72' title='bbox 455 1471 575 1526; x_wconf 88' lang='lat' dir='ltr'>humeris</span> <span class='ocrx_word' id='word_1_73' title='bbox 585 1467 653 1528; x_wconf 81' lang='lat' dir='ltr'>bibit</span> <span class='ocrx_word' id='word_1_74' title='bbox 662 1487 725 1527; x_wconf 83' lang='lat' dir='ltr'>aure</span> <span class='ocrx_word' id='word_1_75' title='bbox 733 1468 842 1543; x_wconf 85' lang='lat' dir='ltr'>vulgus.</span> 
     </span>
    </p>
   </div>
   <div class='ocr_carea' id='block_1_6' title="bbox 257 1577 877 1889">
    <p class='ocr_par' dir='ltr' id='par_1_6' title="bbox 257 1577 877 1889">
     <span class='ocr_line' id='line_1_18' title="bbox 257 1577 877 1651; baseline -0.005 -16"><span class='ocrx_word' id='word_1_76' title='bbox 257 1580 329 1647; x_wconf 85' lang='lat' dir='ltr'>Quid</span> <span class='ocrx_word' id='word_1_77' title='bbox 338 1580 457 1635; x_wconf 75' lang='lat' dir='ltr'>mimm?</span> <span class='ocrx_word' id='word_1_78' title='bbox 475 1581 522 1636; x_wconf 91' lang='lat' dir='ltr'>ubi</span> <span class='ocrx_word' id='word_1_79' title='bbox 533 1579 586 1634; x_wconf 90' lang='lat' dir='ltr'>illis</span> <span class='ocrx_word' id='word_1_80' title='bbox 595 1577 759 1639; x_wconf 82' lang='lat' dir='ltr'>carminibus</span> <span class='ocrx_word' id='word_1_81' title='bbox 768 1586 877 1651; x_wconf 79' lang='lat' dir='ltr'>stupens</span> 
     </span>
     <span class='ocr_line' id='line_1_19' title="bbox 257 1656 687 1727; baseline -0.005 -16"><span class='ocrx_word' id='word_1_82' title='bbox 257 1657 370 1711; x_wconf 88' lang='lat' dir='ltr'>demittit</span> <span class='ocrx_word' id='word_1_83' title='bbox 380 1665 449 1717; x_wconf 78' lang='lat' dir='ltr'>atras</span> <span class='ocrx_word' id='word_1_84' title='bbox 459 1656 547 1711; x_wconf 83' lang='lat' dir='ltr'>bellua</span> <span class='ocrx_word' id='word_1_85' title='bbox 557 1657 687 1727; x_wconf 87' lang='lat' dir='ltr'>eentieeps</span> 
     </span>
     <span class='ocr_line' id='line_1_20' title="bbox 295 1730 631 1803; baseline -0.006 -17"><span class='ocrx_word' id='word_1_86' title='bbox 295 1750 381 1797; x_wconf 85' lang='lat' dir='ltr'>aures,</span> <span class='ocrx_word' id='word_1_87' title='bbox 394 1739 419 1785; x_wconf 89' lang='lat' dir='ltr'>et</span> <span class='ocrx_word' id='word_1_88' title='bbox 428 1732 517 1787; x_wconf 78' lang='lat' dir='ltr'>intorti</span> <span class='ocrx_word' id='word_1_89' title='bbox 528 1730 631 1803; x_wconf 75' lang='lat' dir='ltr'>capillis</span> 
     </span>
     <span class='ocr_line' id='line_1_21' title="bbox 333 1808 795 1889; baseline -0.004 -27"><span class='ocrx_word' id='word_1_90' title='bbox 333 1808 514 1889; x_wconf 84' lang='lat' dir='ltr'>Eumenidum</span> <span class='ocrx_word' id='word_1_91' title='bbox 524 1814 673 1865; x_wconf 85' lang='lat' dir='ltr'>reoreentur</span> <span class='ocrx_word' id='word_1_92' title='bbox 682 1822 795 1878; x_wconf 59' lang='lat' dir='ltr'>unguem</span> 
     </span>
    </p>
   </div>
   <div class='ocr_carea' id='block_1_7' title="bbox 257 1915 790 2214">
    <p class='ocr_par' dir='ltr' id='par_1_7' title="bbox 257 1915 790 2214">
     <span class='ocr_line' id='line_1_22' title="bbox 257 1915 790 1990; baseline -0.008 -19"><span class='ocrx_word' id='word_1_93' title='bbox 257 1918 325 1990; x_wconf 90' lang='lat' dir='ltr'>quin</span> <span class='ocrx_word' id='word_1_94' title='bbox 335 1925 360 1971; x_wconf 83' lang='lat' dir='ltr'>et</span> <span class='ocrx_word' id='word_1_95' title='bbox 368 1917 539 1971; x_wconf 84' lang='lat' dir='ltr'>Prometheus</span> <span class='ocrx_word' id='word_1_96' title='bbox 549 1925 574 1970; x_wconf 90' lang='lat' dir='ltr'>et</span> <span class='ocrx_word' id='word_1_97' title='bbox 584 1915 686 1986; x_wconf 87' lang='lat' dir='ltr'>Pelopis</span> <span class='ocrx_word' id='word_1_98' title='bbox 695 1930 790 1987; x_wconf 82' lang='lat' dir='ltr'>parens</span> 
     </span>
     <span class='ocr_line' id='line_1_23' title="bbox 258 1991 688 2063; baseline -0.002 -17"><span class='ocrx_word' id='word_1_99' title='bbox 258 1991 330 2047; x_wconf 84' lang='lat' dir='ltr'>dulci</span> <span class='ocrx_word' id='word_1_100' title='bbox 341 1992 461 2045; x_wconf 78' lang='lat' dir='ltr'>leber-um</span> <span class='ocrx_word' id='word_1_101' title='bbox 470 1992 601 2063; x_wconf 85' lang='lat' dir='ltr'>decipitur</span> <span class='ocrx_word' id='word_1_102' title='bbox 610 2007 688 2045; x_wconf 86' lang='lat' dir='ltr'>seno:</span> 
     </span>
     <span class='ocr_line' id='line_1_24' title="bbox 296 2066 616 2121; baseline -0.006 0"><span class='ocrx_word' id='word_1_103' title='bbox 296 2083 344 2121; x_wconf 87' lang='lat' dir='ltr'>nee</span> <span class='ocrx_word' id='word_1_104' title='bbox 353 2075 426 2120; x_wconf 83' lang='lat' dir='ltr'>curat</span> <span class='ocrx_word' id='word_1_105' title='bbox 435 2066 515 2120; x_wconf 85' lang='lat' dir='ltr'>Orion</span> <span class='ocrx_word' id='word_1_106' title='bbox 530 2066 616 2119; x_wconf 86' lang='lat' dir='ltr'>leones</span> 
     </span>
     <span class='ocr_line' id='line_1_25' title="bbox 334 2138 713 2214; baseline -0.005 -20"><span class='ocrx_word' id='word_1_107' title='bbox 334 2147 379 2195; x_wconf 81' lang='lat' dir='ltr'>eut</span> <span class='ocrx_word' id='word_1_108' title='bbox 388 2140 494 2195; x_wconf 90' lang='lat' dir='ltr'>timidos</span> <span class='ocrx_word' id='word_1_109' title='bbox 503 2141 602 2214; x_wconf 79' lang='lat' dir='ltr'>agitare</span> <span class='ocrx_word' id='word_1_110' title='bbox 611 2138 713 2213; x_wconf 80' lang='lat' dir='ltr'>lynces.</span> 
     </span>
    </p>
   </div>
   <div class='ocr_carea' id='block_1_8' title="bbox 491 2422 696 2435">
    <p class='ocr_par' dir='ltr' id='par_1_8' title="bbox 491 2422 696 2435">
     <span class='ocr_line' id='line_1_26' title="bbox 491 2422 696 2435; baseline -0.01 0"><span class='ocrx_word' id='word_1_111' title='bbox 491 2422 696 2435; x_wconf 71' lang='lat'>.—-—-</span> 
     </span>
    </p>
   </div>
   <div class='ocr_carea' id='block_1_9' title="bbox 0 0 1042 3067">
    <p class='ocr_par' dir='ltr' id='par_1_9' title="bbox 0 0 1042 3067">
     <span class='ocr_line' id='line_1_27' title="bbox 0 0 1042 3067; baseline 0 0"><span class='ocrx_word' id='word_1_112' title='bbox 0 0 1042 3067; x_wconf 95' lang='lat' dir='ltr'> </span> 
     </span>
    </p>
   </div>
  </div>
 </body>
</html>
