2067 3067
337 100 484 147 LIBER
519 100 558 149 11.

146 209 268 275 querceta
279 200 394 273 Gargani
409 202 536 266 laborent,

185 286 211 331 et
219 277 289 331 loliis
300 277 442 331 viduantur
452 277 523 330 orni:

106 376 138 422 tu
149 386 252 439 semper
263 385 341 440 urges
351 366 483 421 tlehilihus
494 366 580 422 modis

106 444 213 516 Mysten
224 443 373 507 adomtum3
395 459 442 495 nec
457 443 502 495 tihi
516 444 627 513 Vespero

147 527 270 591 surgente
280 517 409 582 decedunt
419 534 530 578 amores,

185 610 233 646 nec
241 592 364 663 rapidum
375 590 490 663 fugiente
500 591 597 653 Solem.

106 683 142 737 At
153 701 205 737 non
216 692 253 737 ter
262 682 441 737 aevo'lunctus
451 683 593 737 amabilem
627 718 635 725 -

105 758 221 829 ploravit
229 776 320 813 omnes
330 758 498 812 Antilochum
508 776 589 811 senex

145 851 238 898 annos,
252 851 299 887 neo
309 834 444 904 impubem
454 842 573 903 parentes

184 908 299 972 Troilon,
311 917 356 962 aut
365 908 495 980 Phrygiae
504 924 614 971 sorores,

106 1000 324 1070 llcveresemper.
364 1000 457 1053 Desine
471 998 593 1053 mollium

107 1074 214 1129 tandem
224 1074 389 1145 querelarum
398 1093 404 1140 ;
425 1081 450 1126 et
460 1074 547 1143 potius
556 1090 624 1127 novo

146 1159 281 1203 cantemus
290 1149 403 1220 Augusti
414 1156 516 1219 tropaeo

184 1223 310 1288 Caesaris,
321 1231 346 1276 et
355 1222 471 1295 rigidum
482 1222 623 1293 Niphaten,

106 1314 269 1385 Medumque
278 1313 375 1367 flumen
389 1314 513 1386 gentihus
523 1313 643 1367 additum

106 1390 185 1444 victis
196 1390 310 1443 minores
321 1387 361 1442 vol
366 1405 424 1443 vere
432 1389 556 1455 vertices3

146 1465 266 1535 intraque
278 1457 467 1534 praescriptum
478 1462 590 1518 Gelonos

183 1539 287 1612 exiguis
296 1538 413 1609 equitare
425 1538 536 1608 campis.

321 1839 346 1896 0
376 1840 407 1895 Ι)
436 1839 464 1895 E
521 1839 564 1895 X.

219 1966 265 2009 nu
288 1967 460 2024 nrcrnruu
482 1963 666 2010 urrunnun.

367 2100 531 2111 ——-—a-—

66 2203 230 2243 Mediocritatem
248 2205 300 2243 vitoe
317 2212 337 2243 et
353 2206 476 2243 moderatum
493 2204 516 2243 in
533 2210 618 2254 utruque
628 2205 709 2242 tortum
726 2205 793 2242 rainu

294 2270 424 2307 commendat.
448 2268 589 2309 Memmi.

105 2356 216 2419 Rectius
226 2366 309 2432 vives,
321 2368 415 2431 Licini,
428 2385 514 2439 neque
524 2366 607 2421 altum
650 2369 652 2375 ’

104 2456 208 2511 semper
218 2441 344 2514 urgendo,
356 2458 450 2513 neque,
463 2442 529 2496 dum
542 2439 667 2512 procellas

104 2523 198 2568 cautus
207 2514 344 2581 horrescis,
360 2516 473 2574 nimium
484 2514 626 2587 premendo

182 2588 244 2645 litus
255 2591 389 2663 iniquum.

652 2681 702 2737 Di
