2067 3067
490 189 700 241 .0DARUM

264 313 339 370 reges
348 296 518 350 muneribus:
539 295 770 350 muneranavium

327 388 429 426 ¹saevos
439 370 582 442 illaqueant
591 369 680 424 duoes.

264 471 427 527 Cresoentem
435 469 556 541 sequitur
566 476 628 523 eura
638 470 778 540 pecuniam

264 547 447 615 maiorumque
458 543 550 598 fames.
589 545 648 598 lure
657 545 792 614 perhorrui

265 620 315 676 late
324 620 495 689 conspicuum
506 617 594 672 tollere
605 619 735 684 vedioem,

338 696 481 759 Maecenas,
492 693 612 765 equitum
622 691 711 748 decus.

264 803 368 866 Quanto
375 799 491 870 quisque
499 799 551 852 sibi
560 797 637 870 plura
647 800 790 871 negaverit,

264 876 297 929 ab
307 874 349 928 dts
359 873 435 944 plura
445 873 516 927 leret.
547 872 599 928 'Nil
610 874 772 944 cupientium

264 950 353 1004 nudus
362 957 445 1002 eastra
454 957 523 1020 peto,
533 956 559 1002 et
567 947 702 1022 tramluga
713 949 827 1004 divitum

336 1031 422 1094 partes
433 1023 552 1095 linquere
561 1023 656 1095 gesti03

263 1138 423 1201 contemptae
432 1131 556 1184 dominns
568 1130 728 1201 splendidior
739 1132 784 1197 rei,
804 1179 808 1188 .

262 1223 344 1276 quam
354 1206 386 1268 si,
398 1193 532 1276 quidquid
540 1213 595 1258 arat
605 1205 717 1277 impiger
725 1205 855 1279 Appulus,

263 1279 392 1334 occultare
401 1280 466 1334 meis
475 1279 575 1332 dicerer
583 1279 691 1343 horreis,

268 1414 271 1418 Α
338 1372 448 1427 magnas
458 1354 525 1408 inter
534 1371 596 1424 opes
606 1354 692 1425 inope.

262 1465 346 1518 Purae
355 1462 430 1518 rivus
439 1478 532 1533 aquae,
544 1461 667 1536 silvaque
675 1465 797 1537 iugerum

262 1553 416 1609 pannorum,
428 1544 454 1590 et
461 1537 556 1610 segetis
565 1546 632 1593 oerta
642 1539 707 1593 tides
719 1551 799 1602 meae,

261 1613 405 1686 fulgentem
416 1613 526 1688 imperio
535 1612 627 1667 fertilis
637 1613 738 1669 Africae

336 1687 403 1742 fallit
411 1696 479 1742 sorte
490 1687 601 1743 beatior:

262 1796 429 1868 Quamquam
441 1814 488 1851 neo
496 1796 621 1852 Calabrae
630 1796 707 1851 mella
718 1795 804 1851 ferunt
813 1812 884 1868 apes,

261 1889 310 1926 nen
318 1873 504 1946 Laestrygonia
514 1872 632 1928 Baoelrus
642 1873 670 1926 in
680 1871 806 1941 ampliora

262 1946 407 2020 languescit
416 1947 492 2010 mihi,
505 1965 553 2000 nec
561 1948 671 2020 pinguia
682 1946 789 2000 Gallicis

336 2028 456 2075 creseunt
464 2020 559 2076 vellera
572 2023 689 2092 pasouis:

260 2130 411 2199 importuna·
419 2133 505 2180 tamen
515 2127 653 2199 pauperies
663 2126 747 2195 abest3

261 2220 317 2266 nec,
330 2203 353 2254 si
363 2202 440 2273 plura
450 2200 540 2266 velim,
552 2207 581 2255 tu
591 2202 653 2255 dare
661 2201 784 2275 deneges.

261 2278 397 2332 Contraoto
406 2275 502 2331 melius
511 2287 593 2347 parva
599 2275 725 2348 cupitline
741 2331 744 2336 ,

335 2350 472 2425 vectigalia
483 2351 629 2424 porrigam,

260 2457 557 2534 quamsiMygdoniis·
594 2471 658 2514 num
668 2458 780 2532 Alyattei

260 2536 530 2606 eampisoontinuem.
597 2533 650 2590 ulta
660 2534 808 2606 petentibus

260 2609 355 2664 dosunt
366 2611 457 2664 multa.
496 2611 566 2665 Bene
575 2615 622 2674 est,
634 2610 677 2664 oui
687 2608 752 2663 deus
761 2608 856 2664 obtulit

333 2698 420 2754 parea,
431 2685 504 2759 quod
513 2685 578 2741 satir
585 2691 632 2751 est,
644 2693 736 2740 manu.
