2067 3067
248 161 298 218 278
477 161 756 210 EPISTOLARUH

249 267 360 322 maiores
372 262 472 328 audire,
485 264 581 317 minori
590 263 684 329 disere,
696 279 743 334 per
752 276 822 334 qnae

248 355 360 395 creseere
370 357 412 394 res
420 347 516 410 posset,
529 338 616 392 minui
628 338 754 393 damnoso
767 334 860 391 iibido.

248 417 359 472 Mutavit
368 421 482 470 mentem
491 412 608 485 populus
618 412 693 477 teris,
705 419 730 466 et
738 411 804 466 eulet
813 425 870 466 uuo

248 489 380 544 scribendi
389 488 489 556 studim
510 487 640 559 puerique
648 495 788 558 patresque
797 486 883 540 severi

195 577 234 618 111
247 565 338 620 fronde
348 581 435 618 nomes
445 563 526 616 vincti
535 569 644 617 coenant
652 561 803 616 etcermina
815 559 929 616 dictant.

250 641 308 711 Ipse
317 657 374 712 ego,
389 638 436 710 qui
447 635 535 692 nullos
545 645 589 691 me
598 635 701 691 affirmo
712 636 825 691 scribere
834 651 943 702 versus,

251 715 371 770 invenior
379 713 482 767 Parthis
492 711 650 777 mendacior,
661 718 687 766 et
693 711 770 784 prius
779 718 837 766 orto

250 788 304 843 sole
313 787 378 861 vigil
388 787 520 842 mlemum
529 793 555 841 et
564 786 666 842 ebertus
678 786 808 842 etsorinie
817 798 909 858 poseo.

250 864 345 919 Narirn
356 879 431 936 egere
442 864 551 935 ignarus
561 861 637 922 neris
646 862 734 931 tinen
753 861 910 916 abrotonum
922 877 998 936 segre

198 948 237 992 115
251 955 303 993 non
314 937 400 1002 audet,
412 938 465 992 nisi
478 937 527 1010 qui
536 936 641 1002 didicit,
653 936 728 992 dere:
750 935 823 1008 quod
832 935 998 993 msdieormn

252 1085 525 1160 pmmittuntmedioi3
546 1092 657 1140 ormont
664 1084 768 1140 febrilis
780 1084 863 1140 febri:

251 1162 393 1216 scribimus
402 1160 499 1216 indocti
512 1159 634 1233 doctique
642 1169 760 1232 poemate
771 1161 882 1232 passim.

251 1233 895 1306 Hioerrortamenetlevisbnseinseniequsntes

252 1311 361 1364 virtutes
370 1309 472 1374 habeat,
487 1308 637 1382 sicmilige.
676 1310 749 1366 Vates
758 1324 854 1365 avarus

197 1396 237 1439 tto
250 1401 303 1440 non
321 1392 416 1438 temere
434 1390 473 1438 est
487 1383 607 1453 animus3
632 1400 726 1441 versus
744 1392 827 1450 amnt,
842 1383 896 1440 boo
911 1385 999 1441 studet
1024 1444 1025 1455 γ

482 1495 488 1506 .
688 1472 788 1515 unm:

254 1532 417 1599 detrimenta,
431 1531 508 1606 fugas
518 1549 665 1598 servorum,
677 1533 797 1589 incendia
806 1532 883 1598 ridet,

253 1625 306 1663 non
316 1607 435 1664 fraudem
445 1609 515 1662 socio
524 1625 639 1680 puerove
649 1609 774 1682 inoogitnt
783 1607 869 1664 ullam

252 1682 363 1755 pupillo,
375 1683 443 1739 vivit
451 1683 557 1756 siliquis
566 1691 592 1738 et
599 1698 669 1755 pene
677 1682 801 1748 seormdo,

223 1815 225 1820 ,
253 1758 361 1812 militine
371 1772 535 1830 quamquem
544 1759 620 1832 piger
628 1765 654 1812 et
661 1757 758 1824 metus,
769 1757 843 1812 utitis
852 1756 925 1822 urbi,

137 1844 141 1849 ·
200 1843 238 1886 111
252 1833 330 1887 sides
340 1833 398 1897 hoo,
410 1834 498 1905 parvis
508 1849 616 1906 quoque
623 1833 703 1888 rebus
712 1833 916 1908 mugnaiuveri.

254 1907 290 1962 Os
302 1915 422 1962 tenerum
431 1909 505 1979 pueri
516 1908 681 1980 balbumque
688 1915 763 1980 poeto
772 1901 878 1982 sigimot,

254 1989 356 2054 torquet
365 1983 399 2037 ab
408 1984 544 2038 obscoenis
555 1985 607 2037 iam
617 1999 691 2038 nunc
698 1980 867 2038 sermonibus
876 1999 982 2048 eurem,

254 2074 316 2112 mox
325 2057 402 2112 etiam
411 2065 500 2128 peetus
510 2058 656 2130 praeosptis‘
661 2056 756 2113 format
768 2057 869 2124 amieis,

254 2131 399 2202 asperitatis
408 2139 433 2186 et
442 2132 558 2187 invidiae
565 2133 802 2202 mrreotoretirae3

201 2216 240 2260 130
253 2215 320 2261 recte
329 2205 395 2260 iacta
405 2204 489 2277 refert,
501 2207 610 2262 orientia
620 2215 737 2279 temporo
746 2207 816 2263 notis

170 2276 183 2288 “
255 2283 362 2336 instruit
371 2280 508 2353 exemplis,
522 2282 626 2355 inopem
637 2283 736 2338 sotatm
748 2290 774 2338 et
782 2295 901 2356 eegnrrn.

255 2355 338 2411 Castis
348 2372 409 2411 cum
419 2357 508 2428 pueris
520 2358 611 2431 ignara
619 2357 707 2428 puella
716 2358 804 2412 mariti
882 2375 887 2383 ·

168 2454 176 2468 ·
255 2429 363 2484 disceret
372 2431 550 2502 undepmnm,
562 2440 648 2489 vatem
658 2433 687 2487 ni
696 2433 772 2487 Musa
780 2429 913 2485 dedisset?

255 2504 339 2556 Poscit
348 2521 424 2574 opem
434 2505 719 2576 ohorusetpreesentia
728 2505 841 2560 numine
849 2504 939 2569 sentit,

202 2586 240 2628 135
253 2574 374 2630 coelestes
384 2577 505 2648 implorat
517 2594 600 2648 aqum
609 2577 682 2632 docte
694 2578 903 2649 preeebiandus,

256 2650 347 2703 auertit
355 2651 469 2716 morbos,
481 2650 747 2723 metuendeporioule
756 2651 840 2724 potiit,
876 2681 880 2689 ·
