2067 3067
326 146 555 194 POETIGA.
761 138 811 193 297

68 244 112 303 vel
123 243 195 317 quod
204 261 245 300 res
254 261 346 301 omnes
355 245 448 301 timide
457 244 597 318 gelideque
609 245 749 311 ministrat,

69 321 173 385 dilamr,
185 338 231 391 spe
241 320 346 394 longus,
359 321 438 385 iners,
449 319 618 391 pavidusque
625 317 717 385 futuri,

70 394 197 461 difficilis,
209 395 347 468 querulus,
360 394 477 450 laudator
489 395 614 464 temporis
624 395 673 448 acli

70 488 100 525 se
108 487 202 542 puero,
214 471 352 546 castigator
361 485 504 541 densorque
513 470 657 523 minorum.

71 545 155 600 Multa
164 543 251 599 lerunt
260 546 323 600 anni
334 545 468 600 venientes
478 543 615 598 enmmoda
625 559 723 607 secum,
831 555 868 596 175

73 619 158 674 multa
167 619 312 674 reeedentes
322 619 457 674 adimunt:
478 636 511 672 ne
520 617 585 671 forte
593 617 688 673 seniles

72 693 331 748 inundentur-iuveni
341 701 436 766 partes,
448 709 583 765 pueroque
592 691 694 746 virilem:

72 786 176 839 semper
186 769 213 822 in
223 768 354 823 adiunctis
364 785 480 839 aevoque
489 767 652 821 morabimur
661 767 738 836 aptis.

110 842 163 896 Aul
172 843 260 915 agitur
269 861 310 897 res
320 843 348 898 in
357 844 452 906 saenis,
464 848 575 896 aulacia
586 840 705 894 refertur.

72 918 186 990 Segnius
196 918 298 971 irritant
307 918 409 972 animos
418 916 533 970 demissa
542 933 588 984 per
598 933 697 979 aurem,
832 926 871 968 180

73 1009 156 1063 quam
168 1008 236 1062 quae
245 998 308 1045 sunt
316 990 400 1045 oculis
409 991 526 1044 subiecta
536 989 659 1043 fidelibus
668 997 693 1043 et
701 1006 769 1060 quae

74 1068 131 1136 ipse
140 1066 192 1119 sihi
202 1065 280 1120 tradit
289 1071 424 1136 spectator.
464 1064 703 1120 Noutamenintus

73 1141 155 1212 digna
167 1140 223 1211 geri
233 1156 338 1208 promes
348 1139 376 1194 in
387 1155 502 1203 seenam,
516 1139 654 1211 multaque
663 1137 737 1192 tollen

73 1233 107 1270 ex
116 1214 207 1278 oeulis,
220 1230 288 1285 quae
297 1231 360 1269 mox
370 1223 456 1270 narret
464 1213 587 1268 facundia
596 1231 732 1283 praesens:

73 1307 108 1344 ne
119 1305 214 1360 pueros
224 1305 310 1343 noram
319 1289 417 1361 populo
428 1289 515 1344 ldedea
529 1288 647 1352 trucidet,
832 1299 871 1342 185

74 1371 120 1419 aul
129 1363 245 1418 humana
254 1364 342 1435 palam
352 1372 446 1437 eoquat
455 1373 514 1419 exta
523 1363 640 1418 nefarius
650 1362 752 1427 Atreus,

74 1439 155 1493 autin
166 1456 241 1494 avem
251 1440 352 1512 Progne
365 1446 488 1504 vertatur,
503 1439 619 1495 Cadmus
629 1439 657 1492 in
667 1456 790 1510 anguem.

74 1513 266 1584 Quodcumque
274 1513 389 1568 ostendis
400 1515 465 1567 mihi
477 1515 525 1577 sie,
537 1511 688 1566 incredulus
697 1512 751 1566 odi.

112 1589 184 1642 Neve
192 1586 288 1650 minor,
300 1603 352 1639 nen
362 1589 397 1640 sit
405 1588 498 1658 quinte
507 1587 657 1656 produetior
664 1593 723 1640 actu

74 1655 173 1725 fabula,
185 1676 253 1731 quae
265 1661 338 1730 posei
347 1659 405 1715 vult
414 1667 440 1714 et
449 1666 562 1730 spectata
571 1660 672 1730 reponi.
832 1671 872 1713 190

74 1738 128 1790 Nee
137 1733 202 1788 deus
212 1733 323 1799 intersit,
336 1734 389 1787 nisi
400 1733 498 1806 dignus
509 1732 614 1787 vindiee
623 1733 709 1787 nodus

75 1808 204 1874 inciderit,
217 1825 264 1863 neo
272 1815 366 1881 quarta
376 1807 450 1879 loqui
460 1823 570 1876 persona
581 1807 688 1860 laboret.

68 1891 70 1896 ’
113 1883 413 1955 Actorisparteeehorus
422 1880 593 1952 ollieiumque
601 1880 678 1937 virile

74 1958 204 2024 defendat,
215 1975 267 2014 neu
277 1957 344 2031 quid
352 1957 453 2012 medios
462 1957 600 2012 intercinat
612 1962 695 2020 aetus,

75 2034 147 2106 quod
158 2051 210 2089 non
220 2032 351 2104 proposito
363 2030 491 2087 conducat
500 2038 526 2084 et
534 2031 637 2085 haereat
646 2041 712 2102 apte.
833 2042 872 2085 195

74 2109 122 2164 llle
130 2108 208 2162 benis
216 2105 354 2179 faveatque
364 2112 389 2160 et
398 2105 551 2161 consilietur
560 2106 652 2169 amine,
738 2158 742 2169 ,

74 2191 100 2237 et
109 2189 181 2256 regat
191 2181 278 2245 natos,
289 2187 314 2234 et
322 2188 392 2235 amet
399 2197 505 2252 peecare
514 2180 649 2246 timentem

75 2257 120 2312 ille
129 2256 209 2326 dapes
218 2254 306 2310 laudet
315 2272 421 2310 mensae
429 2255 529 2320 brevis,
544 2255 589 2309 ille
597 2254 731 2309 salubrem

74 2331 202 2394 iustitiam
213 2328 335 2402 legesque
344 2337 369 2386 et
378 2330 474 2402 apertis
486 2332 537 2384 otia
546 2331 643 2401 pertis,·

74 2405 119 2461 ille
129 2411 198 2477 tegat
207 2405 357 2471 eommissa,
368 2405 484 2476 deosque
493 2413 612 2476 preeetur
621 2411 717 2469 etmel,
832 2414 872 2457 2⁰0

75 2488 105 2535 ut
114 2479 201 2535 redeat
209 2480 322 2547 miseris,
334 2481 408 2536 abeat
416 2478 521 2534 fortuna
529 2479 662 2550 superbis.

112 2555 187 2610 Tibia
200 2573 263 2621 non,
274 2562 305 2610 ut
313 2573 394 2621 nune,
406 2553 537 2611 orichalco
546 2556 634 2610 iuncta
645 2554 777 2625 tubaeque

74 2629 186 2699 aemula.
198 2629 245 2688 sed
255 2631 341 2688 tenuis
353 2629 521 2706 simplexque
529 2629 657 2688 foramine
665 2645 758 2704 pauno,
