2067 3067
223 117 275 174 262
457 117 737 165 EPISTOLARUM

361 360 686 422 EPISTOLA
731 359 837 417 XVI.

423 497 475 542 An
507 494 771 548 ocrucrruru.

246 727 350 767 Describit
359 727 429 768 vium
438 739 506 776 ruam3
525 727 598 765 deinde
607 726 643 777 qui
651 726 679 786 rit
686 725 720 765 vir
728 726 856 773 rcre‘bonus,
866 727 958 767 disserit.

263 817 309 888 Ne
317 829 484 900 perconteris,
494 827 596 883 irrndus
605 843 691 892 mous,
701 827 801 898 optime
812 827 933 895 Quincti,

227 922 291 960 arvo
300 912 389 976 pascat
401 904 505 968 herum,
517 922 552 958 an
562 903 650 958 baccis
660 901 794 974 cprdentet
802 902 898 969 olivae,

226 980 348 1052 pomisne
357 997 391 1035 an
401 979 483 1051 pratis
490 997 527 1034 an
536 979 631 1034 amiota
640 977 741 1034 vitibus
749 977 838 1033 ulmo:

226 1055 354 1110 scribetur
363 1055 412 1110 tibi
421 1053 504 1109 icrma
516 1052 769 1126 loquaciteretsitus
777 1053 846 1127 agri.
912 1099 915 1103 .

172 1140 185 1184 t
227 1129 352 1185 Continui
361 1136 472 1194 montes,
487 1129 790 1202 nidissooieuturopaca

227 1202 304 1268 valle,
317 1203 364 1258 sed
373 1211 404 1258 ut
414 1204 522 1259 veniens
531 1203 654 1258 dextrum
663 1201 732 1256 latus
740 1202 868 1274 adspiciat
876 1202 927 1270 soi,

215 1274 480 1354 Jacssamdisoedens
488 1295 569 1332 curru
581 1276 698 1351 fugiente
707 1285 822 1350 vaporet.

138 1347 214 1400 s
227 1353 390 1424 Temperiem
403 1351 505 1408 laudes.
544 1351 820 1418 Quid,sirubiounda
827 1353 946 1427 benigne

227 1444 305 1482 corna
316 1443 408 1498 vepres
417 1434 443 1482 oi
451 1443 538 1500 pruna
549 1425 655 1481 ferunt?
673 1427 697 1481 si
706 1445 826 1500 quercus
833 1436 859 1482 et
870 1427 925 1483 ilex

172 1514 199 1558 10
228 1501 312 1558 multa
320 1501 397 1576 fruge
405 1519 494 1574 pecus,
507 1500 590 1557 multa
600 1502 948 1559 dominum‘iuvatumbra‘i

228 1579 304 1633 Dicas
314 1577 577 1650 adductumpropius
586 1577 706 1633 frondere
715 1577 868 1634 Tarentum

227 1655 297 1710 Fons
307 1653 385 1707 etiam
396 1653 453 1708 rivo
462 1653 526 1708 dare
534 1667 630 1708 nomen
640 1653 760 1720 idoneus,
772 1660 802 1708 ut
811 1671 859 1709 nec

227 1726 347 1802 frigidior
358 1729 486 1783 Thracam
497 1746 547 1783 nec
556 1729 647 1800 p'urior
655 1728 875 1794 amimuelim,

228 1803 334 1858 infirmo
344 1803 421 1876 capiti
431 1801 489 1858 fluit
497 1803 580 1868 utilis,
595 1802 671 1858 utilis
677 1802 747 1858 alvo.

174 1889 199 1932 15
228 1878 282 1932 Hae
291 1877 404 1933 latebrae
414 1877 512 1943 dulces,
526 1888 552 1933 et
560 1878 623 1942 iam,
635 1878 659 1931 si
668 1877 762 1943 credis,
774 1895 906 1943 amoenae,

227 1952 387 2008 incolumem
396 1953 445 2006 tibi
455 1970 499 2007 me
507 1961 639 2024 praestant
648 1953 848 2026 Septembribus
858 1954 939 2008 horis.

229 2028 270 2081 Tu
280 2036 348 2082 recte
357 2028 435 2092 vivis,
448 2027 471 2081 si
481 2044 560 2082 curas
568 2042 634 2093 ease,
649 2027 722 2098 quod
731 2028 818 2082 audis.

228 2104 357 2158 lactamus
367 2103 419 2157 iam
430 2101 534 2174 pridom
542 2103 631 2157 omnis
641 2110 668 2156 to
675 2104 757 2159 Roma
766 2103 887 2158 beatum:

228 2176 274 2233 sed
283 2195 381 2242 vereor,
397 2193 431 2231 ne
439 2177 482 2230 cui
493 2176 526 2230 de
534 2183 559 2230 te
569 2176 640 2246 pius,
653 2195 735 2250 quam
745 2178 793 2233 tibi
803 2179 901 2244 credas,

173 2262 200 2308 2⁰
229 2269 296 2308 neve
304 2259 380 2324 putes
390 2251 472 2307 alium
481 2251 599 2324 sapiente
609 2251 733 2325 borma
741 2254 862 2308 beatum:

227 2345 288 2392 neu,
301 2329 359 2382 site
367 2325 482 2400 populus
490 2338 587 2383 sanum
597 2335 717 2400 recteque
726 2328 860 2384 valentem

228 2402 335 2467 dictitet,
346 2401 476 2458 occultam
485 2401 582 2458 febrim
591 2404 644 2458 sub
655 2411 760 2475 tempus
768 2404 863 2458 edendi

227 2475 389 2541 dissimules,
400 2475 484 2531 donec
492 2476 617 2532 manibus
631 2485 727 2532 tremor
737 2478 835 2532 incidat
844 2480 937 2534 unctis.

227 2547 373 2604 Stultorum
383 2551 500 2605 incurata
509 2550 596 2621 pudor
603 2549 691 2604 malus
703 2550 790 2605 ulcera
800 2552 874 2607 celat.

173 2628 199 2672 25
228 2619 257 2674 Si
266 2621 328 2692 quis
337 2623 406 2678 bella
415 2625 464 2680 tibi
473 2631 540 2678 terra
548 2631 665 2696 pugnata
675 2625 796 2697 marique
