2067 3067
344 151 573 199 POETIGA.
781 147 831 199 293

52 291 55 296 ·
86 249 154 323 quid
164 248 268 306 valeant
276 249 392 305 humeri.
432 250 482 306 Cui
493 249 559 318 lecta
567 257 685 320 potenter
694 253 743 306 erit
752 269 803 317 res,
860 259 886 306 tt

86 342 136 380 nee
144 323 266 379 facundia
276 324 376 379 deseret
384 325 466 390 hune,
477 343 526 380 nee
537 324 642 379 lucidus
652 326 725 380 ordo.

87 399 195 456 Ordinis
205 400 269 454 haee
279 400 363 454 virtus
373 400 422 454 erit
431 407 456 453 et
465 401 564 464 Venus,
576 408 622 454 aut
631 416 680 471 ego
688 398 773 467 fallor,

87 477 180 531 utiam
191 491 264 530 nunc
273 475 343 530 dicad
352 475 405 528 iam
415 491 488 529 nune
497 476 618 530 debentia
627 474 689 539 dici,

88 550 214 623 pleraque
223 550 325 605 diderat
333 557 358 604 et
366 566 491 621 praesens
501 552 529 605 in
540 558 645 620 tempus
653 550 764 604 omittat.

126 629 157 680 In
166 626 254 681 verbis
264 627 342 680 etiam
352 625 439 679 tantus
448 633 594 696 cautusque
603 625 730 688 serendis,
861 631 888 679 lt

88 703 138 756 hoc
146 708 223 766 amet,
236 701 286 755 hoe
295 707 401 772 spernat
409 701 533 771 promissi
543 699 668 753 carminis
678 706 776 754 auctor.

88 777 190 831 Dixeris
200 776 312 848 egregie,
326 782 418 830 notum
428 775 452 829 si
461 775 556 829 callida
566 774 678 829 verbum
692 840 695 847 .

88 850 230 906 reddiderit
240 851 361 904 iunctura
370 867 481 904 novum.
521 850 549 904 Si
559 848 623 903 forte
634 866 738 903 neeesse
746 855 787 903 est

88 925 193 980 indieiis
203 932 348 980 monstrare
357 925 504 979 recentibus
514 923 604 979 abdita
614 941 711 989 rerum,

88 1000 187 1072 fingere
195 1000 317 1054 cinctutis
327 1015 380 1054 non
389 999 511 1054 exaudita
522 999 644 1071 Cethegis
861 1008 887 1051 50

88 1075 229 1147 continget,
239 1074 399 1145 dabiturque
408 1072 510 1128 lieentia
522 1082 609 1128 sumta
618 1073 756 1144 pudenter.

88 1150 123 1204 Et
133 1165 201 1204 nova
212 1148 324 1221 fretaque
334 1165 419 1219 nuper
429 1148 565 1203 habebunt
575 1148 655 1205 verba
665 1147 753 1213 tidem,
765 1150 789 1202 si

89 1225 187 1279 Graeeo
198 1222 268 1278 fonte
277 1223 371 1278 cadant
378 1240 456 1294 parea
465 1222 573 1278 detorta.
612 1222 683 1290 Quid
695 1230 783 1278 autem

89 1299 200 1355 Caecilio
209 1298 354 1371 Plautoque
363 1297 436 1354 dabit
445 1299 591 1365 Romanus,
603 1298 739 1353 ademtam

88 1373 199 1448 Virgilio
208 1372 357 1447 Varioque?
374 1374 496 1448 Egeram,
509 1375 737 1447 anquirerepauca
862 1386 887 1428 55

88 1449 111 1503 si
121 1466 240 1520 possum,
253 1449 381 1514 invidam,
394 1467 480 1522 quum
490 1449 583 1522 lingua
593 1449 699 1505 Catonis
708 1457 733 1504 et
741 1449 812 1505 Enni

88 1541 235 1578 sermonem
245 1524 360 1594 patrium
370 1524 492 1578 ditaverit
500 1532 525 1577 et
535 1540 604 1579 nova
612 1541 702 1578 rerum

88 1599 195 1654 nomina
203 1595 358 1668 protulerit?
376 1597 462 1651 Licuit
474 1615 630 1669 semperque
641 1597 737 1663 lioebit,

88 1675 222 1746 signatum
233 1678 367 1742 praesente
377 1678 437 1725 nota
445 1671 589 1741 producere
599 1689 705 1726 nomen.

89 1750 123 1803 Ut
132 1745 214 1801 silvae
223 1744 292 1800 foliis
301 1761 398 1817 pronos
409 1752 546 1799 mutantur
555 1748 582 1799 in
590 1761 685 1810 annos,
860 1759 885 1806 tt

86 1823 173 1896 prima
181 1821 291 1876 eadunt:
312 1821 348 1876 ita
357 1819 500 1876 verborum
513 1827 588 1875 vetus
597 1823 687 1874 interit
695 1828 774 1887 aetas,

87 1906 112 1952 et
121 1898 249 1952 iuvenum
259 1896 313 1950 ritu
322 1893 414 1949 florent
423 1894 501 1950 modo
511 1902 571 1949 nata
580 1895 728 1968 virentque.

86 1973 217 2027 Debemur
227 1971 305 2026 morti
313 1987 362 2025 nos
371 1976 525 2042 nostraque:
547 1971 604 2025 sive
613 1979 731 2043 redeptus

86 2056 154 2101 terra
164 2049 303 2116 Neptunus
311 2043 408 2099 classes
420 2045 599 2118 Aquilonibus
612 2054 689 2112 aroet,
768 2053 772 2060 '

86 2122 156 2194 regis
166 2137 242 2192 opus,
254 2119 383 2174 sterilisve
391 2119 439 2174 diu
447 2119 526 2192 palus
535 2130 648 2195 aptaque
657 2123 737 2178 remis
861 2135 887 2180 ⁶5

86 2197 188 2252 vicinas
199 2195 278 2250 urbes
285 2194 334 2250 alit
342 2201 367 2249 et
375 2211 456 2268 grave
466 2197 544 2252 sentit
553 2205 682 2267 aratrum;

86 2288 135 2326 seu
145 2287 253 2324 cursum
263 2270 376 2326 mutavit
386 2270 510 2344 iniquum
520 2271 644 2347 frugibus
654 2275 751 2341 amnis,

85 2345 178 2399 doetus
189 2345 237 2398 iter
246 2344 355 2413 melius3
377 2346 496 2402 mortalia
505 2345 572 2402 faeta
581 2349 720 2420 peribunt:

86 2419 186 2474 nedum
197 2437 349 2476 sermonum
360 2428 409 2476 stet
417 2421 500 2478 honos
509 2431 535 2477 et
543 2425 627 2496 gratia
636 2425 727 2481 vivax.

85 2494 169 2550 Multa
179 2504 356 2562 renasoentur,
368 2513 438 2567 quae
448 2498 501 2552 iarn
510 2499 634 2566 cecidere,
646 2501 792 2574 cadentque
859 2512 886 2556 tn

86 2587 155 2644 quaa
165 2587 236 2625 nune
246 2571 347 2628 suntin
357 2571 464 2639 honore,
477 2575 614 2641 vocabula,
630 2577 653 2630 si
664 2577 732 2633 volet
741 2596 815 2643 usus.

85 2663 168 2723 quem
179 2663 260 2724 penes
270 2647 410 2706 arbitrium
419 2655 458 2707 est
467 2656 493 2708 st
501 2651 545 2708 ius
554 2658 580 2710 et
589 2669 681 2710 norma
694 2653 830 2728 loquendi.
