2067 3067
224 126 274 180 206
476 128 716 179 SATYRARUM

224 230 383 303 ponendum
394 247 481 303 aequo
492 233 594 286 animo.
623 250 680 287 nm.
691 233 735 361 1111
734 239 774 293 te,
791 229 970 301 Damasippo,

336 370 339 377 ¹
735 322 839 375 eaeque

225 398 321 437 verum
330 382 366 436 ob
376 382 524 436 consilinm
534 378 636 436 donent
645 382 767 436 tonsore}
779 380 836 439 Sed
846 380 921 442 unde

225 465 282 511 tam
292 456 362 511 bene
373 474 416 511 me
427 456 517 513 nosti?
528 458 744 528 numquam
751 456 841 514 omnis
852 473 896 517 rus
906 474 972 518 mea

226 604 261 661 ad
272 605 395 661 medium
406 605 490 660 fracta
500 614 551 669 eet,
563 606 655 667 aliena
664 607 773 681 negotia
783 623 859 670 curo,

170 688 195 731 20
223 677 481 749 excussuspmpriie.
512 676 583 740 Olim
593 696 655 749 nam
664 681 931 750 quomunculam,

224 768 278 823 quo
290 751 361 806 vafer
370 750 415 805 ille
423 751 503 823 pedes
516 750 623 807 lavisset
632 754 764 826 Sisyphus
774 772 840 820 aere,

224 826 290 897 quid
299 826 432 897 sculptum
443 826 552 892 infabre,
563 827 631 899 quid
640 826 730 881 fusum
740 829 834 884 durius
844 839 920 885 esset.

223 900 341 956 Callidus
350 901 499 977 huicsigno
507 903 638 973 ponebam
648 901 731 971 millia
741 913 859 971 mutum:
926 904 929 914 ⁴

222 975 310 1030 hortos
319 977 491 1051 egregiasque
499 978 591 1032 domos
600 978 739 1032 mercarier
749 995 820 1033 unus

169 1060 194 1104 25
222 1067 283 1105 cum
294 1050 366 1105 lucro
379 1068 485 1121 ncram;
506 1052 579 1119 unde
590 1051 735 1125 frequentia
745 1054 899 1110 Mercuriale

223 1126 370 1196 imposuere
379 1126 446 1180 mihi
457 1143 601 1200 cognomen
611 1129 733 1199 compita.
772 1148 830 1183 noa.
841 1131 917 1194 Novi,

222 1206 247 1253 et
257 1200 338 1254 miror
350 1200 435 1269 morbi
454 1202 723 1275 purgatumteiilius.
763 1202 845 1275 Atqui

221 1274 319 1337 emovit
330 1281 440 1333 veterem
451 1276 517 1329 mire
527 1294 623 1350 novus,¹
634 1284 664 1331 ut
673 1277 746 1342 colet,
762 1279 789 1350 ip
799 1296 843 1333 cor

222 1347 325 1401 traiecto
336 1347 422 1402 lateris
432 1348 522 1411 miseri
531 1352 657 1423 capitisve
670 1350 767 1424 delore,

167 1432 192 1475 au
220 1430 251 1476 ut
260 1420 419 1495 lethargicus
428 1424 481 1488 hic,
493 1442 578 1495 quum
588 1426 617 1479 fit
626 1427 702 1499 pugil
713 1428 872 1482 etmedicum
878 1440 966 1503 urget.

220 1498 775 1571 Dnmnequidsimilehuic‚eetoutlibet.
813 1504 968 1566 candibe-

713 1595 755 1641 ne‚
768 1585 859 1647 nete*

220 1646 356 1705 frustrare:
377 1650 478 1708 insanis
489 1657 515 1703 et
525 1647 692 1721 tustnitiqrie
699 1668 887 1725 prnpecmneu

220 1723 244 1776 ei
257 1724 324 1794 qnid
333 1724 472 1780 Stertinius
481 1725 538 1782 veri
547 1733 642 1797 crepat,
655 1726 784 1797 undaego
795 1727 862 1784 mira

220 1796 346 1869 descripsi
356 1798 447 1853 docilis
456 1806 591 1871 praecepta
600 1799 674 1864 haee,
689 1807 865 1872 temporeque
875 1818 918 1858 me

166 1880 191 1923 35
220 1870 318 1926 solatus
328 1874 405 1930 iussit
414 1875 557 1945 sapientem
566 1890 672 1945 posuere
681 1874 791 1931 barbam

219 1949 624 2017 atqueaFabricionontrietern
634 1950 825 2020 pentereverti.

219 2021 296 2086 Nam,
308 2021 376 2077 male
387 2030 503 2093 regesta,
516 2041 601 2093 quum
612 2024 708 2080 uellem
718 2024 819 2081 minere
826 2033 915 2094 opero

219 2111 262 2148 me
271 2097 354 2166 capite
364 2096 391 2148 in
401 2094 509 2161 flumen,
521 2096 611 2163 dexter
619 2100 690 2156 stetit
698 2106 736 2153 ct:
757 2098 845 2156 ussere
856 2098 925 2156 saxis

219 2176 263 2223 nte
276 2170 424 2241 quidquam
440 2169 596 2244 indignum}
617 2174 734 2239 Puden«
745 2174 841 2244 inquit,
854 2182 897 2231 »ta
906 2192 963 2233 ma-

709 2247 796 2303 inaan
816 2248 844 2312 it,

164 2322 191 2370 io
219 2319 343 2373 »insanos
353 2318 400 2390 qui
411 2318 479 2373 inter
488 2337 593 2376 vereare
606 2322 717 2378 insanus
727 2266 830 2377 habaiu

219 2393 356 2447 »Primum
367 2411 429 2448 nam
440 2394 584 2467 inquiram,
595 2398 663 2469 quid
670 2398 706 2451 sit
714 2397 814 2453 furere:
825 2398 876 2454 hnc
883 2398 907 2459 si
914 2398 964 2454 erit

708 2471 737 2524 in
756 2479 781 2523 tc

217 2536 299 2604 nscio,
312 2539 350 2595 nil
361 2542 444 2607 verbi,
456 2560 546 2613 pereas
556 2543 622 2611 quin
632 2541 738 2606 fortiter,
750 2542 856 2600 addam.

217 2612 320 2679 »Quem
329 2616 398 2671 mala
409 2616 517 2671 stultitia
526 2624 552 2669 et
560 2633 747 2689 quemcunque
757 2617 860 2674 inscitia
870 2620 927 2676 veri
