2067 3067
486 113 687 161 ODARUM

249 229 335 285 agros,
349 210 465 267 Attalicis
475 213 670 267 conditionibus

249 304 398 358 numquam
408 286 551 353 dimoveas,
564 296 594 342 ut
601 288 674 342 trabe
684 288 781 362 Cypria

249 362 382 435 Myrtoum
391 362 506 433 pavidus
516 372 596 421 nauta
606 371 674 417 senet
682 381 764 417 mare.

248 437 401 490 Luctantem
411 438 499 501 Icariis
509 436 632 491 fluctibus
641 436 761 491 Africum

248 519 374 565 mereator
384 519 513 577 metueras„
525 512 609 566 otium
619 520 645 565 et
653 512 743 582 oppidi

249 584 407 640 laudatrura
418 587 474 641 sui:
496 586 726 641 moxreticitrares

248 678 368 731 quassas,
381 660 502 715 indocilis
512 663 665 732 pauperiem
676 662 741 732 pati.

247 736 302 801 Est,
315 737 362 807 qui
373 754 420 790 nee
429 737 523 791 veteris
533 736 627 807 poeula
636 736 741 792 Massici

248 828 297 863 nec
305 818 406 881 partem
415 810 499 866 solido
509 811 613 866 demere
623 811 656 865 de
664 810 707 864 die

247 887 355 955 spernit,
367 903 439 939 nunc
448 886 528 941 viridi
539 887 657 941 membra
666 886 718 939 sub
727 884 820 938 arbuto

247 967 352 1023 stratus,
365 976 437 1013 nune
446 960 479 1013 ad
489 978 573 1031 aquae
583 960 640 1013 lene
649 967 833 1029 eaputsaerae,

247 1032 343 1087 Multos
353 1041 435 1087 castra
446 1034 548 1098 iuvant,
560 1042 585 1087 et
594 1033 660 1088 lituo
670 1033 749 1088 tubae

247 1107 515 1179 permixtussonitus
528 1107 651 1179 bellaque
661 1108 790 1162 matribus

250 1182 382 1235 detestata.
421 1183 508 1237 Manet
516 1182 568 1236 sub
577 1184 638 1236 love
649 1180 746 1255 frigido
811 1234 814 1237 ,

248 1264 363 1321 venator,
377 1264 476 1311 tenerae
485 1256 606 1329 coniugis
617 1257 764 1321 immemor,

247 1349 293 1386 seu
303 1331 359 1386 ‘visa
370 1340 409 1385 est
418 1330 511 1385 catulis
523 1349 599 1386 cerva
610 1331 742 1396 fidelibus,

247 1424 292 1461 seu
304 1407 375 1476 rupit
385 1414 475 1460 teretes
484 1407 588 1461 Marsus
597 1424 658 1477 aper
667 1406 769 1479 plagas.

247 1481 288 1536 Me
298 1480 434 1535 doctarum
444 1480 555 1536 hederae
563 1481 679 1553 praemia
690 1480 815 1535 frontium

247 1555 289 1609 dis
300 1556 410 1609 miscent
420 1556 538 1627 superiS,
559 1573 603 1610 me
612 1556 730 1629 gelidum
741 1572 835 1609 nemus

247 1630 486 1703 Nympharumque
496 1629 566 1685 leves
576 1648 638 1683 eum
647 1630 747 1702 Satyris
756 1629 829 1683 ebori

246 1704 501 1777 seoernuntpopulo,
518 1706 541 1758 si
552 1722 638 1776 neque
647 1705 725 1759 tibias

245 1780 359 1852 Euterpe
368 1780 479 1845 cohibet,
492 1797 541 1835 nee
549 1779 726 1854 Polyhymnia

246 1856 379 1909 Lesboum
389 1854 485 1929 refugit
497 1855 601 1909 tendere
611 1855 741 1909 barbiton.

246 1928 346 1994 Quodsi
357 1948 400 1983 me
410 1929 500 2002 lyricis
511 1930 616 1983 vatibus
625 1928 729 1990 inseris,

247 2001 356 2056 sublimi
367 2002 459 2057 seriam
469 2001 555 2059 sidera
566 2002 668 2058 vertice.
