2067 3067
222 139 273 194 298
486 141 542 188 DE
578 137 698 187 ARTE

224 243 358 314 adspirare
369 249 394 296 et
404 241 494 296 adesse
503 240 592 294 choris
599 246 655 293 erat
663 239 746 305 utilis,
758 247 838 312 atque

169 329 208 372 205
222 317 341 372 nondum
350 318 436 388 spissa
447 316 528 370 nimis
538 314 669 385 complere
677 314 770 368 sedilia
778 313 856 370 llatu:

223 410 278 464 quo
287 409 350 446 sane
359 389 475 462 populus
485 388 667 453 numerabilis,
683 397 771 460 utpote
779 406 891 460 parvus,

223 475 248 522 et
260 466 332 540 frugi
343 474 483 538 castusque
496 463 716 536 verecundusque
724 465 818 518 coibat.

222 543 364 614 Postquam
373 541 456 612 coepit
466 537 690 614 agrosextendere
699 540 790 604 victor,
805 546 830 593 et
839 541 938 596 urbem

224 616 298 672 latior
308 615 428 687 amplecti
439 631 543 679 murus,
556 615 672 685 vinoque
680 613 778 669 diurno
1019 614 1020 629 ¹

169 703 209 746 212
222 691 319 763 placari
329 691 430 745 Genius
439 689 511 744 lestis
522 689 632 760 impune
643 687 751 753 diebus;

224 766 330 822 accessit
340 765 512 836 numerisque
521 764 661 835 modisque
670 760 773 816 licentia
783 763 876 817 maior.

224 840 346 894 Indoctus
356 839 422 911 quid
432 839 504 893 enim
514 845 615 910 saperet
623 837 743 908 liberque
752 836 872 892 laborum

224 916 340 969 rusticus
349 915 452 968 urbano
460 912 596 976 confusus,
609 914 694 983 turpis
706 911 832 966 honesto?

224 989 268 1044 Sic
277 989 377 1060 priscae
387 995 544 1060 motumque
552 997 577 1042 et
585 986 719 1042 luxuriem
729 985 829 1041 addidit
837 989 887 1042 arti

170 1074 209 1118 215
222 1065 328 1129 tibicen,
340 1065 473 1136 traxitque
482 1076 568 1136 vagus
580 1079 627 1133 per
635 1061 738 1132 pulpita
747 1068 855 1116 vestem.

224 1137 268 1193 Sic
276 1139 355 1193 etiam
365 1137 464 1192 fidibus
474 1153 551 1192 voces
563 1153 667 1191 crevere
675 1137 783 1200 severis,
820 1136 824 1142 ’

224 1222 249 1267 et
257 1211 317 1266 tulit
325 1213 462 1284 eloquium
472 1210 609 1266 insolitum
618 1209 741 1265 facundie
750 1227 883 1282 praeceps,

225 1287 385 1358 utiliumque
394 1303 476 1358 sagax
486 1303 576 1340 rerum
587 1292 614 1339 et
622 1284 714 1340 divina
722 1284 805 1340 futuri

224 1360 354 1432 sortilegis
364 1376 417 1414 non
427 1359 572 1430 discrepuit
580 1362 707 1414 sententia
717 1360 834 1431 Delphis.

170 1447 209 1490 220
260 1435 382 1491 Carmine
391 1435 439 1506 qui
449 1434 547 1508 tragico
556 1432 637 1488 vilem
647 1436 754 1490 certavit
762 1435 797 1490 ob
806 1436 922 1504 hircum,

225 1527 288 1566 mox
297 1509 376 1564 etiam
386 1515 500 1584 agrestes
509 1507 616 1583 Satyros
626 1509 745 1574 nudavit,
758 1517 783 1564 et
792 1527 868 1582 asper

226 1584 353 1640 incolumi
362 1585 587 1659 gravitate-iocum
596 1585 705 1639 tentavit
714 1601 753 1650 eo,
768 1587 841 1656 quod

224 1660 352 1714 illecebris
362 1666 416 1714 erat
424 1667 449 1715 et
462 1665 536 1734 grata
550 1660 664 1724 novitate
673 1660 817 1714 morandus

225 1741 361 1807 spectator,
373 1733 534 1807 iunctusque
542 1737 623 1789 sacris
632 1741 658 1788 et
666 1741 744 1804 potus
756 1742 781 1789 et
788 1735 875 1791 exlex.

169 1820 208 1863 225
222 1810 320 1865 Verum
330 1810 366 1864 ita
376 1811 480 1876 risores,
493 1811 528 1864 ita
538 1810 721 1864 commendare
730 1809 831 1864 dicaces

223 1885 360 1940 conveniet
370 1883 485 1959 Satyros,
498 1887 534 1940 ita
543 1893 643 1939 vertere
652 1885 719 1938 seria
730 1883 802 1950 ludo,

224 1977 266 2024 ne,
278 1959 442 2031 quicumque
450 1959 525 2025 deus,
533 1960 696 2032 quicumque
704 1958 872 2024 adhibebitur
880 1961 973 2029 heros,

224 2033 305 2106 regali
315 2041 470 2105 conspectus
483 2035 510 2089 in
520 2052 586 2089 auro
594 2051 679 2106 nuper
687 2040 713 2087 et
721 2041 799 2099 ostro,

224 2109 319 2182 migret
329 2109 356 2162 in
365 2109 491 2163 obscuras
501 2109 599 2164 humili
609 2125 730 2164 sermone
738 2109 867 2174 tabernas,

169 2192 209 2236 230
222 2190 276 2247 aut,
289 2183 354 2238 dum
364 2183 428 2237 vitat
437 2184 561 2248 humum,
574 2185 659 2239 nubes
668 2192 693 2240 et
702 2185 792 2239 inania
801 2192 893 2256 captet.

223 2257 333 2312 Effutire
342 2255 413 2312 levas
421 2257 532 2331 indigna
541 2259 673 2332 tragoedia
682 2277 784 2324 versus,

224 2340 254 2387 ut
262 2331 335 2387 festis
344 2339 462 2387 matrona
470 2334 571 2388 moveri
579 2334 652 2388 iussa
661 2333 765 2399 diebus,

224 2407 341 2462 intererit
350 2405 450 2479 Satyris
460 2407 582 2478 paullum
591 2406 749 2478 pudibunda
758 2409 896 2479 protervis.

224 2481 282 2533 Non
292 2495 341 2551 ego
350 2480 469 2533 inornata
480 2489 505 2532 et
513 2481 675 2533 dominantia
685 2483 793 2536 nomina
802 2483 889 2538 solum

174 2563 208 2603 ‘³5
222 2552 363 2620 verbaque,
375 2552 491 2613 Pisones,
504 2552 658 2621 Satyrorum
670 2554 781 2624 scriptor
789 2557 898 2627 amabo3

53 2627 57 2638 .
147 2607 187 2651 1⁷⁰
199 2619 272 2678 qq&
280 2623 319 2677 210
328 2624 411 2677 enitar
420 2623 517 2694 tragico
527 2621 630 2680 differre
638 2624 727 2692 colori,
