2067 3067
499 105 706 174 onuauu

263 225 420 297 Oquisquis
430 225 499 280 volet
509 227 605 298 impias

301 301 393 354 caedes
403 307 428 354 et
438 301 537 354 rabiem
548 301 637 356 tollere
646 301 766 367 civicam,

263 376 287 428 si
297 382 405 445 quaeret
414 377 488 429 Pater
498 375 606 432 urbium

301 449 434 502 subscribi
443 450 545 514 statuis,
558 449 714 524 indomitam
724 443 817 504 audeat

263 522 392 578 refrenare
402 523 544 588 fluentiam,

300 597 387 652 clarus
397 599 565 670 postgenitisg
587 606 726 670 quatenus,
741 597 793 652 heu
804 594 889 652 nefas!

263 673 388 726 virtutem
399 673 558 726 ineolumem
568 673 683 737 odimus,
813 677 816 682 ’

301 746 433 801 sublatam
442 765 475 801 ex
485 745 569 800 oculis
579 747 741 818 quaerimus,
754 745 849 801 invidi.

264 820 335 886 Quid
345 823 430 875 tristes
443 823 631 892 querimoniae,

302 897 325 948 si
338 915 390 951 nou
401 897 531 967 supplicio
543 895 621 968 eulpa
633 890 774 950 reciditur?

267 971 334 1041 quid
344 970 414 1042 leges
423 971 482 1024 sine
490 971 610 1024 moribus

302 1043 554 1115 vanaeproficiunt‘?
571 1045 595 1098 si
605 1061 691 1115 neque
703 1041 813 1098 fervidis
888 1069 891 1075 ·

264 1118 438 1189 parsinelusa
447 1119 579 1172 caloribus

303 1192 407 1256 mundi,
419 1209 468 1245 uec
476 1194 570 1245 Boreae
580 1191 724 1246 finitimum
734 1191 812 1255 latua,

266 1264 428 1337 durataeque
436 1265 492 1319 selo
502 1266 577 1320 nives

204 1384 208 1390 .
304 1348 472 1394 mercatorem
482 1338 612 1412 abigunt?
630 1338 836 1394 horridaeallidi

266 1417 377 1470 vincunt
386 1432 498 1486 aequora
510 1414 631 1468 navitae?

303 1507 432 1561 maguum
441 1489 580 1561 pauperies
589 1489 760 1560 opprobrium
775 1487 846 1542 iubet

266 1564 375 1634 quidvis
384 1572 410 1618 et
418 1564 502 1618 fauere
511 1572 536 1618 et
546 1565 610 1635 pati,

303 1640 462 1711 virtutisque
472 1640 544 1692 viam
556 1638 651 1693 deserit
661 1631 775 1693 arduae‘?

268 1712 314 1767 Vel
325 1731 373 1768 uos
384 1715 411 1767 in
421 1713 590 1785 Capitolium,

304 1805 359 1859 que
367 1788 465 1843 clamor
475 1797 549 1843 vocat
558 1796 583 1842 et
592 1788 669 1843 turba
679 1784 832 1848 faventium,

266 1861 309 1915 vel
319 1881 366 1917 nos
377 1864 404 1917 in
414 1877 487 1928 mare
494 1865 647 1934 proximum

304 1955 423 2009 gemmas
432 1945 457 1990 et
465 1937 566 2007 lapides
577 1953 672 1992 aurum
682 1943 708 1990 et
717 1933 819 1997 inutile,

267 2013 367 2064 summi
377 2012 512 2064 materiem
524 2012 596 2075 mali,

305 2085 450 2146 mittamus,
464 2084 592 2138 seelerum
603 2086 626 2138 si
635 2084 702 2138 bene
710 2081 832 2154 paenitet.

266 2156 406 2225 Eradenda
414 2157 546 2226 cupidinis

303 2231 379 2301 pravi
389 2230 600 2298 suutelementa;
621 2238 646 2284 et
655 2237 757 2284 tenerae
765 2228 846 2283 nimis

267 2312 368 2358 mentes
377 2305 554 2375 asperioribus

303 2377 455 2432 formandae
463 2378 568 2432 studiis.
607 2379 695 2432 Nescit
703 2375 858 2449 equorum

267 2451 373 2506 haerere
382 2453 514 2524 ingenuus
524 2469 597 2523 puer,

305 2527 449 2597 venarique
457 2527 540 2591 timet,
553 2527 642 2581 ludere
651 2527 757 2590 doctior,

267 2615 316 2655 seu
327 2599 426 2655 Graeoe
435 2600 525 2656 iubeas
535 2602 632 2665 trocho,
