2067 3067
198 101 249 156 acc
432 67 712 152 nn1enonanen

145 214 171 258 25
200 203 304 268 Contra,
317 220 398 275 quem
408 203 509 276 duplici
519 221 608 276 penne
617 204 741 276 patientia
750 202 828 270 velat,

200 278 325 345 mirabor,
337 279 407 334 vitae
416 281 460 335 via
469 281 493 334 si
505 297 631 335 conversa
641 278 752 333 decebit.

199 352 271 408 Alter
280 370 445 426 purpureum
454 372 507 411 ncn
517 355 678 426 exspectabit
686 358 822 414 amictum.

201 427 333 500 quidlibet
342 428 452 484 indutus
462 428 630 486 celeberrima
640 447 686 501 per
697 427 752 484 lcca
761 427 847 493 vadet,

200 519 393 575 personamque
402 503 465 559 feret
475 522 528 560 ncn
538 505 712 560 inconcinnus
722 511 879 576 utramque:

147 587 173 632 tc
202 576 266 632 alter
275 577 357 633 Mileti
367 585 464 634 textam
474 597 538 634 cane
547 580 624 650 peius
637 587 662 633 et
671 579 754 652 angui
796 596 798 599 ·
899 646 902 650 ι

202 653 296 709 vitabit
304 652 486 727 chlamydem
508 653 749 726 meriemririgcrc‚
761 654 855 710 sinon.

201 727 320 783 retuleris
329 745 463 800 pannum:
484 727 550 784 refer
557 737 584 785 et
592 731 650 785 sine
659 729 732 784 vivat
741 729 857 800 ineptus.

202 803 253 858 Res
263 819 352 876 gerere
361 811 386 857 et
395 812 482 876 captos
494 803 628 860 ostendere
637 804 742 859 civibus
750 804 847 869 hesteri,

203 879 307 952 attingit
316 877 413 934 solium
424 880 493 935 Iovis
503 879 658 935 etcoelesria
666 886 757 937 tentat.

20 1000 79 1017 ,f
149 965 174 1008 35
202 953 372 1024 Principibus
380 954 511 1026 placuisse
521 955 589 1011 viris
598 972 651 1009 non
660 953 754 1010 ultima
765 951 883 1009 lauseet.

204 1030 263 1084 Ncn
273 1029 359 1084 cuivis
369 1029 472 1086 homini
482 1030 610 1104 contingit
619 1029 692 1085 adire
704 1028 868 1085 Corinthum.

203 1103 283 1169 Sedit,
296 1105 345 1175 qui
354 1105 451 1172 timuit,
464 1123 497 1160 ne
506 1122 561 1161 nen
573 1103 734 1160 succederet:
755 1111 823 1158 estc:

203 1178 287 1250 quid?
305 1178 353 1250 qui
363 1181 492 1250 pervenit,
503 1178 597 1234 fecitne
606 1175 734 1234 viriliter?
752 1178 834 1251 Atqui
1014 1176 1016 1213 i

203 1253 248 1308 hic
260 1262 299 1306 est
312 1259 358 1307 aut
372 1271 515 1326 nusquam,
531 1253 604 1326 quod
618 1256 782 1382 quaerlilmue.
821 1253 869 1308 Hic
882 1269 953 1309 onus

718 1335 795 1393 orret,

149 1412 176 1460 tc
203 1410 233 1457 ut
242 1401 331 1473 parvis
343 1402 440 1458 animis
450 1411 475 1457 et
484 1419 567 1474 parvo
576 1419 683 1474 corpere
694 1402 795 1470 maius3

204 1478 249 1532 hic
258 1477 330 1531 subit
340 1485 364 1531 et
373 1477 478 1550 perfert.
517 1477 861 1534 Autvirtusncmeninane
870 1486 919 1541 est,

205 1561 250 1608 aut
260 1551 340 1607 decus
350 1560 376 1608 et
383 1555 498 1626 pretium
508 1562 576 1610 recte
584 1554 649 1626 petit
660 1554 798 1625 experiens
808 1554 858 1609 vira

206 1629 301 1684 Coram
311 1645 430 1702 regesne
439 1629 471 1684 de
480 1637 633 1703 paupertate
644 1635 758 1684 tacentes

205 1703 267 1774 plus
276 1711 398 1775 poscente
406 1703 498 1761 ferent.
537 1705 629 1771 Distat,
640 1720 767 1760 sumasne
775 1701 914 1774 pudenter,

151 1786 177 1832 45
206 1796 240 1832 an
251 1780 347 1850 rapias.
386 1779 469 1854 Atqui
479 1798 569 1840 rerum
578 1787 658 1852 capnt
667 1780 789 1844 hocerat,
801 1778 845 1832 hic
854 1777 924 1834 icus.

206 1853 340 1909 »indotata
350 1855 499 1917 mihi'scrcr
509 1863 557 1920 cet,
567 1853 728 1927 paupercula
738 1861 832 1920 mater,

206 1936 249 1982 »et
257 1926 357 1985 fundus
371 1947 418 1985 nec
428 1929 572 1988 vendibilis
582 1947 631 1986 nec
639 1947 745 2003 pascere
755 1929 879 1993 firmum

206 2003 255 2076 qni
265 2003 337 2069 dicit,
352 2003 460 2060 clamat:
481 2005 606 2060 »Victum
615 2005 708 2061 datela
728 2001 933 2061 Succinitaltcr:

207 2079 333 2134 »Etmihi
343 2079 454 2135 dividuo
463 2078 580 2135 findetur
588 2098 700 2138 munere
708 2079 839 2152 quadrae
891 2084 894 2090 '

152 2166 178 2208 ac
207 2155 362 2212 Scdtacitus
370 2155 443 2228 pasci
457 2155 691 2226 sipoeeatccrvne,
702 2155 810 2210 haberet

206 2230 269 2305 plns
278 2230 364 2304 dapis,
374 2237 400 2286 et
409 2229 483 2286 rixae
491 2229 576 2286 multo
585 2231 677 2287 minue
686 2229 864 2301 invidiaeque.

206 2304 794 2364 Brundisiumeomaautsinrentumduetus
803 2321 956 2369 amoenum,

208 2379 921 2454 quiqueritnrsalebrasetacerbumirigusetimbrae
1014 2422 1015 2425 η

208 2463 254 2510 aut
266 2457 360 2512 cistam
368 2455 499 2512 effractam
509 2463 535 2511 et
544 2455 677 2511 subducta
686 2455 780 2510 viatica
789 2453 888 2526 plorat,

155 2540 180 2582 55
208 2535 270 2581 ncta
279 2527 356 2584 refert
367 2530 510 2586 meretricie
521 2530 653 2594 acumina,
664 2545 743 2599 saepe
750 2528 870 2584 catellam

209 2604 589 2677 saepeperiscalidemraptenr
597 2601 882 2668 scirentnuamcx
