2067 3067
211 175 259 228 llil)
482 182 503 227 E
515 182 536 227 P
550 183 572 227 O
584 185 607 227 D
622 185 643 228 O
655 183 680 226 N

246 280 294 352 qui
303 295 426 350 persaepe
436 271 498 335 cava
508 281 638 335 testudine
648 281 720 336 flevit
729 298 854 346 amorem,

283 371 335 408 nou
347 354 507 408 elaboratum
516 356 550 410 ad
559 356 662 425 pedem.

246 430 333 483 Ureris
344 430 400 499 ipse
409 430 498 483 miser.
530 429 629 495 Quodsi
641 449 693 485 nou
703 428 837 502 pulchrior
847 429 916 502 ignis

283 504 399 557 aceeudit
407 505 541 558 obsessam
552 505 626 569 Ilion,

246 579 332 652 gaude
342 586 410 631 sorte
418 587 473 632 tua.
512 580 554 632 Me
565 579 693 644 libertina,
707 596 792 650 neque
802 596 856 633 uuo

284 661 412 718 contenta,
423 653 530 726 Phryne
541 662 661 707 macerat.

322 938 326 942 ⁴
393 921 420 975 E
438 921 464 975 P
484 923 508 976 0
527 921 557 976 D
577 919 641 976 OS
688 922 768 976 X'V.

455 1040 501 1081 an
524 1040 706 1082 nuenarii.

273 1243 305 1277 De
314 1239 373 1278 rivali
384 1227 526 1290 conqlreritur,
542 1240 575 1277 cui
584 1240 670 1276 similem
680 1241 779 1276 lorluuaur
789 1239 893 1288 praedicit.

526 1305 588 1342 Meu.
602 1305 639 1340 lx.

267 1344 279 1371 Ι

247 1393 314 1457 Nox
323 1410 385 1467 erat,
398 1409 423 1455 et
432 1400 503 1455 ooelo
511 1401 630 1474 fulgebat
640 1400 702 1456 luna
712 1419 803 1456 sereno

286 1479 353 1531 inter
363 1479 464 1531 minora
475 1477 569 1540 sidera,

247 1571 332 1625 quum
343 1561 381 1617 tu,
394 1570 551 1624 magnorum
562 1570 661 1606 numen
672 1551 773 1606 laesura
784 1551 901 1616 deorum,

283 1629 311 1682 iu
324 1629 404 1681 verba
414 1629 519 1681 iurabas
530 1645 596 1691 mea,

160 1717 166 1725 ’
248 1704 338 1767 artius,
351 1712 429 1774 atque
438 1703 532 1757 hedera
544 1720 646 1774 procera
658 1701 830 1774 adstringitur
843 1700 904 1766 ilex,

286 1779 362 1832 lentis
372 1780 515 1833 adhaerens
529 1779 656 1832 brachiis:

248 1854 313 1906 dum
325 1856 410 1924 peoori
422 1854 510 1924 lupus,
523 1863 547 1908 et
558 1854 644 1908 nautis
654 1851 764 1906 mlestus
775 1850 855 1905 Orion

284 1929 397 1982 turbarit
407 1931 549 1982 hibernum
564 1947 643 1992 mare,

248 2005 418 2072 intonsosque
429 2005 533 2073 agitarit
543 2003 672 2072 Apollinis
683 2019 745 2055 aura
756 2000 872 2071 capillos,

157 2089 183 2132 to
287 2077 341 2130 fore
352 2078 424 2130 huno
433 2095 547 2129 amorem
560 2086 693 2138 mutuum,

251 2171 266 2207 0
281 2152 392 2205 dolitura
404 2169 460 2203 mea
472 2150 586 2203 multum
597 2152 701 2214 virtute,
715 2150 825 2204 Neaera!

283 2234 359 2287 Nam,
372 2224 471 2295 siquid
483 2225 508 2276 in
521 2222 611 2277 Flacco
622 2226 670 2277 viri
682 2233 728 2288 est,

252 2319 303 2354 uon
314 2300 376 2353 leret
386 2299 505 2352 assiduas
516 2299 608 2368 potiori
620 2307 643 2351 te
653 2299 714 2351 dare
726 2305 820 2360 noctes,

287 2383 312 2427 et
322 2382 427 2444 quaeret
436 2375 517 2426 iratus
528 2389 615 2442 parem
624 2391 629 2438 ;

173 2463 182 2473 ·
250 2466 298 2502 nec
308 2447 386 2501 semel
398 2447 510 2501 olleusae
520 2447 591 2498 redet
600 2447 742 2498 constantia
752 2444 857 2508 formae,

191 2530 237 2583 Tn
288 2523 310 2574 si
321 2530 406 2575 certus
418 2522 517 2574 intrarit
528 2519 610 2572 dolor.

227 2596 285 2657 nnat
293 2605 332 2657 tu,
345 2597 508 2665 quicumque
516 2613 545 2646 es
556 2593 662 2658 felicior,
674 2601 752 2664 atque
762 2612 819 2648 meo
832 2609 906 2649 nuno

304 2670 420 2739 {iperbus
430 2669 529 2723 incedis
542 2667 620 2733 molo,
