2067 3067
216 116 267 172 ata
467 119 709 167 secundeum

216 220 262 273 adl
274 220 321 273 tibi
330 219 392 274 dent
401 226 474 291 capta
484 220 594 275 classem
603 220 731 274 deducam
741 222 827 274 Troia.

216 295 304 367 »Ergo
314 295 448 349 consulere
458 302 483 349 ct
492 313 556 349 mox
567 295 722 366 respendere
733 294 837 348 licebit‘?

216 374 252 424 »ἦ
261 368 384 423 Consule.
424 368 507 425 'lCur
520 369 597 434 Aiax,
613 370 691 423 heros
705 370 739 423 ab
749 369 852 424 Achille
860 388 959 425 amun-

708 443 769 509 dus,

216 518 354 589 »putescit
366 518 440 571 toties
449 518 560 571 servatis
569 517 656 573 clarus
665 517 785 583 Achivis,

161 605 200 649 195
214 592 344 667 »gaudeat
354 599 383 646 ut
392 591 506 663 populus
512 593 609 646 Priami
618 593 791 665 Priamusque
800 593 948 660 inhumato,

215 685 369 740 »perquem
379 673 415 721 tet
425 668 533 721 iuvenes
543 668 626 737 patrio
635 668 887 739 carueresepulcre‘?

215 750 250 799 al
260 743 333 800 Mille
346 742 440 797 ovium
454 741 565 796 insanus
579 742 657 797 morti
669 743 750 807 dedit,
763 743 894 817 inclytum

709 817 814 873 Ulixem

216 900 257 946 aet
267 890 415 947 Menelaum
423 909 478 947 una
489 907 595 945 mecum
602 908 632 944 se
640 891 757 946 occidam
764 891 882 947 clamans

216 968 315 1032 rlTu,
341 984 425 1038 quum
450 983 498 1038 pro
517 964 601 1020 vitula
624 966 718 1019 statrrm
741 966 847 1021 dulcem
864 967 962 1022 Aulide

727 1050 813 1095 natam

161 1127 200 1170 200
214 1122 291 1169 »ante
301 1132 370 1179 aras,
383 1116 540 1187 spargisque
549 1113 619 1169 mela
628 1059 854 1187 mputffimpmba,
866 1115 944 1179 salsa,

99 1188 105 1197 ”
215 1196 332 1243 »rectum
355 1190 438 1257 animi
460 1187 568 1243 servas?
595 1194 611 1244 ‘l
628 1188 781 1254 Quorsum?
812 1192 960 1246 tlaaauus

708 1264 776 1335 qnid
787 1266 859 1319 enim
868 1265 937 1319 Aiax

214 1337 301 1401 eiecit,
314 1352 400 1407 quum
412 1336 505 1391 stravit
513 1334 582 1391 ierm
593 1336 691 1407 meus?
708 1338 844 1393 Abstinuit
853 1340 909 1393 vim

214 1428 315 1467 auxere
324 1417 349 1465 et
357 1416 449 1484 gnatc3
471 1410 541 1465 mala
553 1410 637 1465 multa
648 1420 769 1483 precatus
778 1413 887 1478 Atridis,

214 1503 285 1541 »non
295 1484 340 1539 ille
349 1492 394 1539 aut
404 1486 535 1539 Teucrum
544 1492 591 1540 aut
600 1486 689 1557 ipsum
699 1488 808 1544 violavit
819 1488 933 1543 Ulixem.

160 1573 199 1617 205
213 1568 249 1617 a!
259 1562 357 1618 Verum
367 1576 424 1635 ege,
436 1567 466 1615 ut
475 1560 611 1616 haerentes
620 1561 730 1617 adverse
740 1562 814 1618 litera
825 1581 905 1618 naves

127 1698 130 1705 Ι
214 1636 367 1707 scriperem,
379 1635 495 1707 prudens
505 1635 607 1707 placavi
617 1638 747 1710 sanguine
757 1638 843 1694 divos.

214 1717 248 1767 »l
259 1713 359 1783 Nempe
368 1718 422 1775 tue,
434 1708 544 1765 firrioael
561 1717 585 1767 Ἰ
597 1712 665 1777 lieo,
676 1712 723 1766 sed
732 1730 786 1767 nen
795 1712 920 1769 furiosus.

214 1791 250 1841 a'l
260 1784 311 1851 Qui
321 1785 420 1857 species
430 1784 494 1840 alias
504 1787 560 1842 veri
569 1786 728 1859 scelerisque
738 1786 854 1842 tumultu

215 1860 374 1932 »permixtas
387 1861 478 1932 capiet,
490 1869 637 1917 commotus
647 1861 795 1926 habebitur,
806 1869 884 1933 atque

160 1945 199 1989 210
213 1934 373 1989 »stultitiane
382 1943 457 2000 erret,
471 1935 588 1991 nihilum
597 1936 713 2001 distabit,
724 1954 759 1991 en
771 1936 820 1991 ira.

214 2010 300 2065 »Aiax
309 2026 395 2083 quum
406 2010 550 2064 immeritos
559 2010 662 2075 cecidit,
673 2010 776 2082 desipit,
788 2028 884 2085 agnes3

214 2102 317 2157 »quum
326 2084 443 2155 prudens
452 2083 539 2139 scelus
548 2084 583 2139 cb
592 2082 681 2139 titides
693 2084 809 2141 admittis
819 2086 920 2149 inanes,

213 2166 288 2214 astas
302 2156 409 2213 auimo?
431 2165 456 2213 et
464 2175 564 2229 purum
576 2160 689 2216 ostritic
698 2160 760 2225 tibi,
776 2178 862 2232 quum
876 2162 959 2215 tumi-

705 2234 771 2291 dum
783 2242 831 2299 est,
842 2235 905 2291 ecr‘l

213 2308 259 2363 »si
269 2308 331 2379 quis
340 2306 429 2363 lectica
437 2305 549 2363 nitidam
556 2314 658 2381 gestare
666 2317 736 2365 amet
747 2327 853 2383 agnam,

159 2393 199 2437 215
213 2382 293 2437 »huic
303 2389 401 2437 vestem
410 2388 440 2438 ut
468 2390 542 2439 natae
551 2391 632 2455 paret,
645 2384 753 2439 ancillas
761 2392 955 2455 paretaurum,

214 2455 327 2511 ullulam
337 2465 382 2513 aut
390 2400 516 2513 Pusillam
528 2457 647 2529 appellet,
659 2457 771 2528 fortique
780 2460 874 2513 marite

215 2530 473 2599 »destinetuxcrem3
499 2532 708 2587 interdictchuic
720 2532 956 2588 omneadimatius

214 2612 341 2676 epraeter,
354 2614 379 2661 et
388 2606 421 2662 ad
430 2622 507 2663 sanos
520 2606 595 2663 abeat
603 2605 682 2664 tutela
690 2605 867 2679 propinquos:
