2067 3067
205 95 267 179 lm
489 125 688 176 onnauu

291 244 344 282 non
355 233 413 281 ante
423 225 544 300 vulgatas
553 245 600 299 per
610 236 685 303 artes

328 301 408 358 verba
418 301 511 374 loquor
520 303 642 357 socianda
651 303 764 358 chordis.

214 450 216 453 .
255 405 322 467 Non,
335 403 358 455 si
367 401 466 472 priores
475 403 609 458 Maeonius
620 409 687 456 tenet

254 477 328 532 sedes
337 478 474 541 Homerus,
487 477 638 531 Pindaricae
648 477 734 540 latent,

291 552 418 622 Ceaeque,
428 559 453 604 et
461 550 549 606 Alcaei
559 552 682 616 minaces,
811 619 813 624 ,

328 625 521 696 Stesichorique
530 642 623 698 graves
634 626 775 693 Camenae;

254 746 310 794 nec,
322 729 345 782 si
355 729 422 800 quid
430 728 494 784 olim
504 729 568 784 lusit
577 728 719 794 Anacreon,

254 803 351 857 delevit
359 811 440 858 aetas:
462 804 544 875 spirat
553 803 640 858 adhuc
649 821 731 870 amor,

291 879 439 950 vivuntque
448 879 581 933 commissi
592 878 689 934 calores

329 953 433 1008 Aeoliae
443 953 541 1008 fidibus
550 953 662 1026 puellae.

255 1061 313 1113 Non
324 1058 379 1113 sola
388 1069 485 1115 comtos
495 1061 559 1115 arsit
571 1059 682 1114 adulteri

255 1134 339 1187 crines
349 1143 373 1187 et
382 1151 477 1189 aurum
487 1135 605 1189 vestibus
616 1134 713 1188 illitum

291 1208 383 1268 mirata
393 1207 545 1279 regalesque
554 1208 641 1262 cultus

329 1289 354 1335 et
363 1283 469 1336 comitas
479 1281 574 1338 Heleno
583 1283 707 1348 Lacaena,

254 1388 390 1458 primusve
400 1389 496 1444 Teucer
508 1389 558 1444 tela
569 1389 687 1462 Cydonio
769 1389 771 1392 ’

255 1462 350 1516 direxit
359 1481 434 1532 arcu;
456 1481 508 1518 non
518 1464 599 1518 semel
610 1464 670 1519 llios

292 1547 397 1605 vexata,
419 1555 472 1592 non
480 1540 611 1612 pugnavit
620 1541 713 1612 ingens

329 1612 484 1667 Idomeneus
493 1613 665 1670 Sthenelusve
675 1616 746 1670 solus

254 1719 363 1774 dicenda
373 1722 456 1777 Musis
465 1723 576 1793 proelia:
597 1722 733 1780 nonferox

254 1796 345 1848 Hector
355 1795 396 1852 vel
405 1814 463 1851 acer
472 1799 623 1869 Deiphobus
635 1817 729 1872 graves

290 1871 390 1940 excepit
400 1873 466 1926 ictus
474 1889 522 1942 pro
532 1873 635 1944 pudicis

327 1945 484 2018 coniugibus
493 1949 636 2019 puerisque
644 1949 758 2020 primus.

254 2051 348 2107 Vixere
357 2050 434 2106 fortes
443 2061 503 2106 ante
511 2052 709 2126 Agamemnona

253 2125 344 2192 multi,
366 2128 412 2179 scd
423 2143 514 2180 omnes
524 2126 728 2202 illacrymabiles

290 2208 418 2272 urgentur
428 2201 565 2273 ignotique
575 2201 651 2276 longa

326 2282 408 2340 nocte,
420 2284 507 2330 carent
516 2276 580 2348 quia
590 2285 648 2333 vate
657 2294 739 2332 sacro.

252 2380 374 2436 Paullum
385 2382 501 2454 sepultae
509 2384 587 2440 distat
596 2385 703 2439 inertiae

252 2454 437 2533 celatatpyirtus.
476 2460 533 2513 Non
544 2477 593 2534 ego
603 2467 626 2513 te
636 2460 702 2514 meis

288 2531 343 2584 cha'
353 2533 386 2586 tis
396 2534 545 2588 inornatum
554 2533 644 2598 silebo,

197 2595 200 2602 ’
325 2548 396 2695 tdpve
404 2615 462 2664 tuos
471 2609 554 2679 patiar
563 2608 663 2664 labores

662 2863 681 2920 Ἰ

673 2929 813 3036 Χ
