2067 3067
331 155 562 222 44444444.
770 152 820 204 345

68 260 112 324 Ut,
123 274 192 330 quae
201 257 343 312 conductae
353 255 456 328 plorant
465 257 494 310 in
506 254 606 320 funere,
619 254 712 311 dicunt

69 343 95 389 et
104 333 204 388 faciunt
212 350 293 404 prope
303 332 380 403 ptura
391 331 541 386 dolentibus
552 348 585 384 ex
598 331 700 386 anime:
722 333 761 386 sic

70 409 171 463 derisor
181 425 243 462 vero
252 407 314 479 plus
325 406 457 461 laudatore
467 413 597 459 movetur
654 409 658 414 '

68 485 154 558 Reges
164 482 288 537 dicuntur
298 481 390 536 multis
401 499 495 554 urgere
504 478 612 534 culullis

70 567 96 613 et
106 565 225 630 torquere
235 574 316 622 mero,
329 575 408 630 quem
423 571 589 628 perspexisse
598 554 726 620 laborant
834 564 873 609 435

44 682 47 688 ,
70 652 105 695 an
116 633 150 686 srt
159 632 274 687 amicitia
284 632 396 705 dignus
418 650 441 685 si
451 648 568 686 carmina
578 629 683 694 condes

70 725 221 780 numquam
230 715 255 762 te
264 706 356 762 fallant
366 707 449 762 animi
442 707 509 761 sub
520 704 601 775 vulpe
610 703 728 758 latentes

71 781 214 849 Quinctilio
224 800 248 836 si
241 782 325 854 quid
333 783 462 847 recitares
479 781 615 852 »Corrige
627 779 711 843 scdes,

70 859 147 923 44444
156 858 272 924 «aiebat
284 865 326 912 net
336 858 394 911 hcc
402 878 415 910 4
452 855 669 926 Metiusteposse
679 871 786 928 negares

69 933 113 988 bis
123 915 214 1005 terque
224 941 360 1004 expertum
371 923 476 997 frustra,
487 931 573 984 delere
582 930 697 995 iubebat,
830 934 874 982 444

71 1016 97 1062 44
107 1007 175 1062 male
184 1015 298 1062 tornatos
308 1006 400 1061 incudi
411 974 517 1061 reddere
531 1022 634 1061 versus.
791 1009 795 1014 ’

70 1083 100 1138 Si
109 1082 247 1137 defendere
256 1081 390 1146 delictum,
401 1099 485 1153 quam-
495 1088 603 1145 vertere,
616 1079 721 1148 mailes3

70 1157 178 1214 nullum
196 1155 265 1210 ultra
280 1156 393 1212 verbum
411 1163 456 1210 aut
474 1173 584 1228 operam
599 1156 749 1210 insumebat
762 1154 820 1210 ina-

567 1247 638 1296 nem,

71 1308 139 1378 quin
150 1306 207 1360 sine
217 1305 294 1362 rivali
303 1313 381 1378 teque
390 1314 415 1361 et
424 1314 469 1362 tua
479 1305 552 1361 selus
561 1323 673 1360 amares.

71 1383 119 1438 Vir
128 1382 214 1436 bonus
224 1389 249 1436 et
257 1381 375 1454 prudens
386 1399 478 1436 versus
488 1381 658 1453 reprehendet
667 1382 772 1447 inertes,
835 1388 874 1434 445

71 1456 189 1528 culpabit
199 1456 288 1521 dume,
302 1457 423 1511 incomtis
434 1457 532 1511 adlinet
543 1464 631 1511 atrurn

70 1538 221 1586 transverso
230 1531 330 1586 calamo
340 1531 458 1602 signum,
471 1530 608 1584 ambitiosa
618 1529 713 1584 recidet

71 1611 234 1669 ornamenta,
247 1621 343 1676 parum
354 1603 431 1658 claris
443 1603 530 1658 lucem
542 1604 604 1657 dare
613 1613 694 1676 coget,

72 1687 165 1754 arguet
176 1678 301 1752 ambigue
311 1677 421 1744 dictum,
435 1677 562 1732 mutanda
573 1679 680 1742 notabit,

72 1757 117 1811 fiet
127 1753 304 1809 Aristarchus
344 1754 402 1808 Non
413 1752 493 1808 dicet
514 1754 766 1837 acuregcamieum
834 1761 874 1806 454

72 1827 384 1902 »offendaminnugisia
422 1827 475 1882 Hae
484 1843 570 1899 nugae
579 1843 645 1880 seria
654 1826 751 1882 ducent

72 1906 102 1960 in
112 1904 181 1959 mala
191 1903 309 1958 derisum
318 1901 398 1958 semel
409 1909 602 1973 exceptumque
611 1902 727 1956 sinistre.

72 1981 107 2034 Ut
117 1979 186 2034 mala
196 1997 277 2051 quern
288 1979 388 2034 scabies
401 1986 446 2032 aut
456 1976 565 2031 mc'rbus
575 1976 665 2050 regius
674 1984 751 2050 urget

73 2061 120 2109 aut
128 2053 256 2109 fanaticus
266 2070 337 2108 errcr
346 2061 371 2108 44
381 2051 507 2108 iracunda
515 2051 608 2117 Diana

71 2147 202 2186 vesanum
213 2129 328 2203 tetigisse
337 2129 429 2184 timent
438 2127 599 2202 noruntque
608 2134 720 2199 poetam
835 2135 875 2180 455

73 2222 122 2277 qui
132 2203 251 2275 sapiunt
273 2205 373 2278 agitant
381 2221 466 2277 pueri
478 2203 631 2275 incautique
639 2208 798 2275 sequuntur

5 2341 7 2346 ¹
72 2281 130 2345 Hic,
145 2278 210 2334 dum
223 2279 347 2334 sublimis
358 2297 450 2334 versus
460 2285 578 2333 ructatur
587 2284 612 2332 et
621 2285 698 2343 errat

73 2373 97 2410 sr
90 2353 189 2410 veluti
200 2353 327 2409 merulis
319 2361 436 2409 intentus
447 2353 544 2408 decidit
553 2369 649 2423 auceps

5 2455 6 2492 g
73 2447 102 2484 rn
112 2436 222 2500 puteum
233 2428 382 2498 foveamve
404 2425 779 2502 licetsSuccurritealcngum

5 2521 6 2526 ¹
73 2503 221 2560 clametnio
234 2502 696 2576 cives¹nn0ns1tqurtellerecuret
835 2507 875 2555 444

6 2583 7 2650 ᾖ
73 2579 102 2634 Si
113 2587 185 2634 curet
183 2580 257 2664 'quis
267 2597 343 2650 opem
353 2578 419 2634 serre
428 2586 453 2634 et
463 2579 598 2633 demittere
609 2577 708 2642 funem,

6 2653 9 2723 4
72 2655 139 2726 aqui
152 2654 212 2718 seis,
226 2672 259 2708 an
270 2653 386 2725 prudens
396 2653 450 2712 hue
459 2671 488 2711 se
496 2654 641 2729 proiecerit,
656 2661 735 2726 atque

6 2728 9 2783 ἵ
111 2761 237 2802 nonarius.
498 2821 506 2830 .
656 2745 680 2805 U
