2067 3067
342 127 491 174 LIBER
528 129 576 175 1v.

123 240 243 296 impune,
254 223 331 289 Lolli,
343 242 448 297 carpere
457 226 553 282 lividas

122 300 279 355 oblivionee.
317 300 537 355 Eetenimuetibi

162 390 304 448 roremque
312 375 429 445 prudens
438 383 463 430 et
472 376 595 430 secundis

199 449 361 520 temporibus
370 449 514 522 dubiisque
524 459 608 506 rectus
616 469 621 518 ;

123 538 224 593 vindex
234 557 326 594 averae
335 539 445 606 fraudis,
457 548 483 595 et
492 542 625 596 abstinens

122 613 243 669 ducentis
253 613 287 667 ed
296 631 324 668 ee
332 623 424 670 cuncte
433 617 572 686 pecuniee;

161 687 306 759 eonsulque
315 706 367 742 nen
378 691 459 744 unius
470 692 543 755 anni,

198 762 245 816 eed
254 764 356 834 quoties
366 763 451 819 bonus
462 772 540 836 atque
550 765 619 819 sidus

122 854 205 908 iudex
213 853 353 909 honestum
362 855 484 926 praetulit
494 855 562 920 utili,

122 929 211 982 reiecit
220 928 272 982 alto
281 929 349 983 done
359 930 509 984 nocentium

110 1049 113 1052 .
158 1002 246 1068 vultu,
258 1021 305 1074 per
314 1004 444 1058 obstantes
456 1011 571 1058 catervas

197 1077 323 1150 explicuit
331 1096 379 1132 sua
388 1079 470 1134 victor
482 1096 565 1133 arma.

123 1169 181 1223 Non
191 1168 367 1238 possidentem
377 1168 460 1223 multe
474 1171 606 1225 vocaveris

122 1251 189 1311 recte
198 1243 318 1297 beatum:
340 1243 434 1298 rectius
443 1253 552 1315 oeeupat

160 1335 256 1372 nomen
265 1316 343 1381 beati,
353 1317 402 1388 qui
411 1317 519 1395 deorum

197 1391 352 1447 muneribus
362 1391 491 1463 sapienter
501 1393 540 1448 uti
565 1419 568 1426 ·

122 1482 270 1554 duramque
279 1481 353 1536 callet
362 1484 515 1554 pauperiem
523 1485 586 1554 peti,

122 1558 251 1629 peiusque
258 1556 309 1611 leto
318 1555 447 1630 flagitium
457 1558 543 1624 timet3

158 1649 210 1685 nen
222 1630 266 1684 ille
274 1647 322 1701 pro
331 1633 397 1685 ceris
407 1632 499 1686 amicis

196 1712 240 1760 aut
248 1706 331 1776 patria
340 1706 450 1761 timidus
459 1706 553 1777 perire.

331 1964 357 2018 0
387 1961 474 2018 ΠΕ
532 1959 575 2019 X.

266 2079 322 2122 in
358 2076 644 2122 muniente.

373 2195 537 2206 ——1-——1-——1

3 2252 9 2343 i
208 2283 317 2322 Breviutie
326 2283 418 2322 invente·
427 2296 472 2324 eum
480 2283 579 2321 admonet.
603 2283 664 2320 Metr-
674 2283 702 2318 ΙΙ.

121 2373 274 2438 Ocrudelis
284 2381 379 2448 adhuc,
391 2389 415 2436 et
424 2382 532 2440 Veneris
542 2380 697 2436 muneribus
706 2385 806 2451 potens,
898 2427 899 2430 ,

85 2457 214 2529 insperate
223 2465 282 2512 tuae
291 2475 375 2530 quum
385 2459 472 2513 veniet
480 2457 570 2528 plume
581 2453 727 2526 superbiae,

83 2539 116 2597 et,
129 2549 197 2604 quae
208 2551 281 2588 nune
289 2532 409 2587 humeris
417 2533 566 2595 inveniant,
577 2529 719 2584 deciderint
727 2545 824 2593 comae,

84 2615 189 2663 nuncet
198 2609 246 2680 qui
255 2604 656 2680 eoloreetpunioeaessoreprior
666 2620 747 2669 rosae,
