2067 3067
357 156 505 201 LIBER
540 158 563 201 Ῑ.
817 153 835 205 'l

44 248 51 253 ⁵
84 256 244 311 Nunedecet
252 256 382 310 autviridi
391 255 505 309 nitidum
514 264 592 327 capul
600 256 728 328 impedire
736 268 834 332 myrta,

6 390 10 407 ,
123 338 170 386 aul
179 330 250 395 llere,
263 328 345 384 terrae
354 348 434 401 quem
444 330 648 396 laruntsolulae‚
863 345 890 387 m

6 426 8 445 ⁵
86 422 160 461 nuno
168 413 194 459 et
203 406 231 459 in
242 406 374 459 umbrosis
383 406 475 459 Fauno
484 402 557 459 deuel
566 406 702 461 immolare
710 406 786 471 lucia¹

123 498 171 534 seu
180 488 270 551 poscat
278 498 355 553 agna,
369 480 425 534 sive
436 478 510 535 malit
519 481 611 534 hoedo.

85 554 187 609 Pallida
197 572 267 608 mors
277 572 361 627 aequo
370 554 458 627 pulsat
467 556 533 626 pede
546 573 693 626 pauperum
702 557 831 621 tabernas,

124 646 272 701 regumque
283 637 376 683 turres.
416 628 522 685 Obeate
531 630 612 693 Sexti,

86 705 268 759 vitausumma
278 704 365 758 brevis
374 721 448 775 spem
456 713 577 759 nosvetat
585 705 708 759 inchoare
716 705 832 779 longam.
862 717 889 761 ¹5

123 780 179 832 lam
191 785 215 832 le
224 786 324 849 premet
333 795 395 841 nox.
407 778 564 851 fabulaeque
574 780 672 843 Maura,

85 864 110 908 et
120 853 217 907 domus
227 851 304 907 exilis
314 852 447 922 Plutonia;
469 872 524 925 quo
532 853 615 907 simul
624 855 729 919 mearie,

122 945 171 983 nec
179 945 261 1001 regna
271 928 327 982 vini
336 930 442 983 sortiere
451 928 521 993 talis,

84 1020 134 1057 nee
144 1010 262 1057 tenerum
272 1001 390 1076 Lycidan
400 1004 538 1068 mirabere,
550 1020 604 1074 quo
616 1001 681 1057 ualet
689 1003 814 1058 iuventus

122 1095 196 1132 nune
204 1077 292 1131 omnis
301 1086 326 1132 et
335 1095 398 1134 mox
409 1078 526 1151 virgines
535 1078 670 1149 tepebunt.
861 1086 888 1131 2⁰

339 1367 481 1423 ODE
538 1369 578 1423 V.

261 1487 323 1530 au
377 1486 653 1530 rraauam

380 1608 543 1617 ...α-...-

120 1695 218 1744 Quaerit,
236 1695 281 1745 quir
295 1708 337 1731 eam
350 1701 415 1741 amet3
436 1693 551 1743 umentique
564 1692 621 1731 illim
638 1692 793 1731 inanimantium
805 1694 830 1729 ab

84 1758 153 1795 oculos
164 1758 237 1807 pauiu
254 1770 274 1794 re
287 1765 353 1797 autem
367 1758 433 1809 iprum
448 1771 473 1795 ex
486 1771 509 1795 ao
518 1756 623 1805 naufragio
632 1762 720 1794 enatam
729 1756 767 1793 sibi
781 1768 829 1804 gra-

83 1822 167 1859 tularur.
192 1822 324 1860 Meraxlx.

124 1932 196 2006 Quis
206 1940 289 1996 multa
299 1940 405 2015 gracilis
415 1948 440 1995 te
448 1960 514 2013 puer
525 1943 553 1997 iu
563 1958 621 1996 rosa

124 2016 244 2086 perfusus
255 2016 364 2088 liquidis
377 2025 453 2091 urget
461 2016 587 2072 odoribus

159 2099 241 2165 graio,
254 2092 364 2165 Pyrrha,
377 2092 428 2146 sub
438 2090 531 2146 antro?

195 2167 238 2221 cui
249 2165 344 2221 llavam
353 2166 450 2241 religas
462 2183 574 2231 oomam,

117 2258 140 2312 si
174 2258 235 2330 plex
246 2257 404 2313 munditiis?
421 2258 478 2311 Heu
487 2257 589 2329 quoties
599 2255 679 2311 fidem
872 2267 885 2309 5

111 2352 135 2389 m
168 2340 287 2405 latosque
296 2334 358 2387 deos
369 2332 449 2396 llebit,
461 2338 486 2385 et
495 2349 586 2404 aspera

157 2408 242 2481 nigris
255 2424 367 2479 aequora
378 2406 463 2461 ventis

194 2483 349 2537 emirabitur
359 2481 483 2547 insolens,

158 2576 167 2628 i
178 2591 251 2628 nune
261 2581 285 2627 te
294 2572 391 2627 fruitur
400 2572 523 2627 credulus
532 2587 619 2633 aurea,

158 2652 167 2703 i
177 2665 282 2720 semper
290 2664 410 2712 vacuam,
421 2663 527 2717 semper
537 2643 676 2697 amabilem

400 2785 403 2815 l

391 2817 400 2852 fl
